2133 3209
400 211 685 268 cYRUs
757 206 1309 266 TRKGOEDI'A'J
1539 224 1605 284 ’ἠ

87 312 321 363 Fraenum
345 301 519 357 adhibe
539 298 711 356 amori.
743 306 912 381 Cyrus.
936 298 1078 377 Qid
1093 319 1290 359 moram
1316 303 1370 356 &
1390 301 1600 377 fraenum

196 379 371 435 occinis
389 422 403 443 ,
1564 398 1570 399 ’

89 463 155 512 Et
173 477 338 531 pacem
362 461 387 509 ?
406 459 480 508 At
498 453 633 508 ¹uncle
655 468 755 506 tam
777 454 848 507 tui
866 454 1046 525 dispar,
1066 455 1242 529 premis

93 539 217 586 Tam
241 530 424 585 subitus
451 532 584 595 odia,
608 548 724 602 pace
748 546 847 583 tam
867 530 1047 584 invitus
1078 538 1244 607 camsi}

87 608 169 662 Illa
192 608 264 661 illa
287 607 454 661 redeat
479 608 566 666 ira,
594 605 690 681 qua
720 625 802 677 per
822 622 870 658 te
892 606 1032 659 exciti

84 684 146 737 In
171 683 290 737 bella
311 683 531 736 ferimur.
569 681 763 736 Redeat
792 698 968 754 epotus
992 700 1137 736 cruor
1147 695 1171 746 ,ᾗ

88 760 278 816 Semesa
296 758 474 812 sobolis
494 756 747 821 membra,
766 757 1001 811 sceleratae
1023 758 1197 831 dape3‚

84 836 267 890 Dirum
286 835 475 910 tyranni
501 853 696 887 munus.
744 833 834 887 His
857 834 1090 906 populos,
1115 834 1262 890 duces
1270 841 1292 898 j

88 911 300 967 Stimulis
322 910 491 986 agebas
509 929 685 983 nuper,
708 910 939 964 odiorum
960 911 1226 982 impotens,

85 987 308 1042 Indocilis
325 1028 337 1046 ,
357 987 648 1058 implacatus
701 991 761 1039 Et
783 985 937 1040 amori
961 985 1164 1058 imperas

87 1063 287 1133 Injicere
308 1065 535 1131 juvenem
554 1065 699 1114 fraena
716 1066 741 1113 ἓ
767 1061 910 1134 Qin
930 1080 1011 1133 per
1036 1079 1084 1114 te
1113 1060 1312 1116 aestimas

89 1138 231 1212 Qud
252 1139 404 1193 valeat
426 1137 500 1190 illc
518 1177 530 1195 ,
555 1136 767 1211 quisquis
787 1137 836 1189 in
857 1156 1083 1191 mentem
1109 1138 1279 1191 incidit

68 1213 373 1267 ·lndomitus
396 1214 556 1265 ardor.
595 1217 667 1264 Ira
691 1232 792 1263 non
812 1212 983 1265 tulerat
1009 1215 1219 1267 modum
1248 1218 1273 1265 ?
1342 1221 1348 1226 '

88 1293 199 1343 Nec
220 1289 315 1342 fert
346 1307 500 1342 amo-r.
548 1292 654 1341 Stat
676 1304 781 1340 tota
808 1305 1072 1340 momento
1098 1288 1235 1341 saluS.

90 1370 254 1418 Amor
274 1366 414 1417 instat
430 1405 442 1423 ,
468 1381 607 1438 urget
629 1389 636 1412 :
663 1383 788 1417 unus
812 1361 887 1416 hic
908 1363 1133 1417 animum
1155 1365 1278 1439 regit
1300 1385 1310 1412 ε

91 1443 233 1494 Huic
257 1445 435 1499 cuneta
457 1441 626 1512 pariter
646 1438 865 1498 subdidi,
894 1442 947 1491 &
967 1457 1203 1512 regnum,
1232 1443 1286 1492 ὃς
1311 1445 1506 1512 patrem
1517 1454 1535 1502 ζ,

91 1520 159 1570 Et
180 1516 379 1588 patriam
396 1556 408 1575 ,
436 1520 488 1568 ὃς
511 1517 686 1569 hostes.
718 1516 897 1568 Foedus
921 1518 974 1566 &
1001 1534 1168 1585 pacem
1193 1515 1390 1575 abnuo,

92 1592 253 1646 Pudet
274 1592 503 1645 annuiffe.
537 1591 813 1666 Palmyram
834 1594 886 1643 &
915 1590 1127 1654 bellum,
1151 1590 1246 1645 hoc
1279 1591 1415 1647 volo.

92 1670 256 1748 Harp.
286 1673 365 1721 Tu
383 1688 463 1720 me
484 1667 583 1721 odii
603 1685 818 1720 atrocem
843 1667 982 1742 fingis
1008 1672 1033 1720 ,Ρ
1054 1670 1137 1720 Est
1163 1668 1293 1721 coelo
1316 1673 1481 1726 Deus,

99 1746 220 1796 Hoc
243 1746 358 1797 teste
377 1742 646 1817 loquimur.
687 1743 841 1800 Bella,
872 1762 976 1794 non
996 1743 1107 1794 odia
1127 1744 1300 1797 excito.

93 1818 210 1871 Vidi
237 1838 463 1873 meorum
486 1818 676 1876 funera,
705 1818 943 1870 immotus
974 1817 1087 1876 tuli,

97 1893 243 1948 Clam
264 1893 386 1947 bella
406 1894 508 1949 fovi
532 1916 549 1948 .·
575 1913 679 1957 me,
708 1911 817 1946 mea
843 1892 1086 1966 impendi,
1113 1894 1254 1947 dolos

95 1969 243 2028 Vim,
272 1970 577 2044 sanguinem,
604 1985 727 2021 artes
744 2009 756 2027 ,
783 1970 948 2021 omnia
974 1990 983 2017 :
1010 1969 1154 2022 iratus
1177 1969 1318 2029 nihil,

96 2045 182 2099 Nil
206 2065 307 2098 non
334 2046 405 2098 tui
423 2044 652 2098 sollicitus
674 2064 683 2092 ε
712 2061 791 2101 ut,
819 2043 1035 2115 primum
1056 2046 1182 2116 piuss

101 2124 232 2174 Tum
251 2162 267 2180 ,
287 2140 347 2173 ne
371 2122 622 2174 indecorus
647 2119 847 2174 vivereS.
896 2119 1037 2172 Votis
1068 2121 1234 2174 favent

99 2197 336 2269 Utrisque
363 2197 515 2270 superi
541 2218 549 2243 τ
580 2195 766 2254 victor,
794 2201 849 2250 δε
875 2194 998 2250 salva
1025 2194 1232 2271 inclytus

100 2273 283 2326 Pietate
302 2275 459 2328 flores.
493 2276 630 2344 Cyre
653 2312 666 2331 ‚
688 2271 808 2324 dum
835 2271 957 2327 salva
977 2287 1183 2347 utraque
1206 2274 1272 2326 cst
1289 2287 1308 2332 ,'

104 2347 316 2420 Utrique
334 2350 463 2405 laudi
500 2348 713 2421 provide.
744 2347 863 2401 Belli
886 2365 1029 2420 caput

105 2425 419 2496 Titulusque,
446 2426 641 2481 vinctus
665 2424 856 2498 genitor
884 2444 893 2470 :
917 2423 1048 2478 hunc
1072 2443 1187 2496 pace
1206 2423 1389 2489 exime,

107 2500 156 2552 Si
179 2519 294 2569 pace
317 2500 383 2554 fas
406 2505 504 2562 est5
532 2500 654 2553 bella
679 2520 739 2552 ne
765 2499 995 2555 incaffum
1023 2500 1170 2554 trahe.

108 2576 214 2628 Erit
240 2576 313 2630 ille
329 2617 344 2636 ,
377 2577 566 2632 mundo
586 2575 670 2652 qui
692 2575 828 2631 dabit
851 2595 1018 2649 pacem
1042 2577 1164 2642 dies,

1333 2657 1385 2708 K
1415 2652 1462 2727 113
