2133 3209
508 186 1189 242 PANEGYRICR
1528 197 1608 258 im

88 276 262 352 Major
285 276 341 332 δέ
374 279 556 336 AEnea,
589 282 850 351 majorque
882 277 1075 333 futurus
1098 278 1301 335 Achille.

87 362 171 413 Ne
199 375 362 410 tamen
393 353 468 408 ille
494 353 715 406 animum
739 369 899 407 metus
927 371 1135 430 urgeat·
1167 375 1308 410 aurea
1339 356 1596 429 postquam

87 433 309 487 Flumina
335 429 548 485 Castaliis
579 429 704 484 fudit
733 447 812 482 rex
840 451 1078 484 maxrmus
1110 433 1258 490 arvis·
1247 470 1262 495 ,
1297 498 1299 500 V

84 508 305 563 Fertilis
293 527 342 560 m
367 523 498 562 vates
523 509 685 560 omnis
704 505 750 558 se
772 503 914 580 gleba
940 507 1158 568 resolvit,

84 584 298 654 Qualis
286 604 334 636 in
357 600 572 637 armatos
594 582 730 636 tellus
751 581 987 635 Cadmaea
1014 583 1268 657 maniplos.

81 660 196 714 ‘Jam
219 657 395 713 chorus
416 659 610 733 aequalis
635 675 925 731 procerum,
955 665 1054 732 jam
1083 660 1270 714 Gallica
1290 657 1442 730 pubes

84 734 417 790 Romulidum
441 735 655 789 numeris
680 749 927 807 cantuque
955 734 1171 789 affuescit
1210 735 1412 788 olorum

84 811 296 883 Auspice
324 831 410 864 te:
436 831 557 865 mox
586 828 684 884 apti
709 828 882 863 omnes
911 828 996 864 tua
1026 811 1182 865 dicere
1207 809 1357 871 bella3

85 890 287 961 Totque
314 887 385 940 tui
412 887 696 961 quondam,
720 902 846 960 quot
872 902 1017 941 erunt
1040 907 1096 941 ea
1116 887 1266 951 bella,
1297 891 1545 951 Marones.j

156 965 259 1036 Ipse
282 983 457 1017 nemus
477 963 700 1037 linquens
722 961 990 1035 placidum
1006 964 1227 1046 ripasque
1249 962 1413 1016 beatas

85 1037 252 1113 Elyfiae
283 1039 491 1104 LetheS,
516 1045 716 1093 Francas
746 1039 971 1094 Andinus
1002 1059 1052 1092 1n
1078 1060 1211 1096 auras

86 1117 344 1191 Virgilius,
369 1133 541 1172 vatum
571 1116 671 1169 dux
698 1115 989 1190 antistesque
1016 1135 1222 1173 tuorum

88 1196 272 1264 Sponte
302 1193 466 1247 venit·
498 1211 600 1244 non
623 1191 699 1244 ille
724 1191 903 1244 modos
927 1196 980 1243 ὃς
1008 1197 1181 1247 Franca
1209 1211 1292 1265 per
1322 1207 1480 1245 artem

87 1271 254 1322 Verba
275 1264 476 1326 sonans,
504 1270 777 1341 nostroque
797 1285 958 1320 recens
986 1268 1232 1322 simulatus
1262 1268 1475 1321 amictu5

91 1345 185 1399 Sed
205 1343 360 1419 gravis
379 1361 434 1397 ut
455 1343 737 1416 quondam,
766 1345 819 1393 ὃς
851 1343 971 1396 Latii
1006 1347 1245 1417 Luparaea
1274 1361 1453 1396 canore

93 1424 247 1472 Tecta
283 1420 465 1503 replens
489 1419 621 1480 litui,
652 1418 958 1492 Versaliaque
983 1439 1095 1475 arva
1121 1438 1390 1493 pererranS,

91 1496 376 1550 Ausoniam
401 1494 565 1548 trabea
586 1498 639 1546 &
672 1497 891 1548 Sarrano
917 1494 1101 1550 lucidus
1126 1499 1281 1550 ostro

162 1577 283 1625 Non
307 1588 472 1625 tamen
491 1569 586 1624 hoc
610 1568 811 1633 habitu,
841 1590 942 1623 non
974 1571 1069 1625 hoc
1095 1574 1142 1625 se
1169 1591 1306 1626 more
1333 1571 1571 1625 ferentem

94 1650 233 1701 Dura
260 1647 477 1719 palatinae
509 1663 707 1718 carpent
728 1645 931 1699 ludibria
962 1647 1138 1701 turbae.

94 1727 221 1777 Haec
251 1724 430 1776 fuerint
462 1723 589 1795 prius
614 1742 622 1772 τ
653 1722 825 1774 insano
852 1742 968 1776 cum
996 1723 1145 1776 Gallia
1170 1726 1295 1778 fastu

94 1800 340 1854 Sermonis
364 1799 487 1853 Latii
514 1796 699 1882 probro
727 1796 814 1851 sibi
835 1815 1041 1852 verteret
1068 1800 1224 1854 usum.

93 1881 168 1929 Ex
191 1896 293 1948 quo
321 1893 488 1929 autem
520 1874 684 1929 invitae
714 1873 909 1926 nutricis
932 1875 992 1927 ab
1024 1874 1174 1928 ubere
1201 1892 1366 1949 raptus

94 1952 370 2007 Pieridum
359 1971 407 2004 m
431 1951 619 2026 gremio
641 1951 877 2003 consuesti
899 1951 1074 2004 ducere
1099 1953 1301 2006 somnos

95 2027 287 2096 Reoalis
315 2047 460 2100 puer,
493 2030 547 2078 ὃ(
582 2025 735 2080 Latiae
758 2026 910 2078 ridere
941 2028 1212 2081 Minervae·
1201 2066 1214 2089 ‚

98 2104 337 2158 Redditus
361 2102 472 2156 hinc
499 2101 668 2156 nostris
698 2100 860 2154 honor
886 2101 1100 2156 artibus:
1128 2102 1238 2157 hinc
1264 2104 1385 2160 duce
1412 2120 1540 2162 vates

97 2180 333 2253 Virgilio,
362 2196 616 2252 penetrant
644 2177 774 2232 aulas
799 2195 944 2252 atque
972 2198 1111 2232 aurea
1140 2198 1310 2256 regum

102 2257 271 2310 Atria:
295 2255 440 2310 turba
473 2255 698 2317 audax,
687 2274 859 2328 ignara:
881 2255 1067 2326 plebis
1055 2259 1247 2329 iniquos

101 2332 219 2386 Ulta
240 2330 346 2384 sales
367 2352 450 2403 per
478 2349 550 2393 te,
582 2338 636 2386 &
660 2330 838 2385 levium
863 2332 1051 2385 secura
1041 2350 1279 2404 jocorum.

179 2407 352 2480 Qlis
376 2407 617 2462 Taenarios
647 2407 764 2460 fines
795 2404 1114 2480 Epliyreaque
1137 2413 1264 2460 tecta

107 2483 304 2537 Lesbius
334 2483 527 2537 intravit
553 2500 708 2546 vates,
733 2500 881 2555 quem
905 2485 1133 2536 fluc⁰tibus
1159 2484 1271 2536 atris

109 2561 340 2613 Merserat
363 2558 511 2632 impia
541 2579 658 2636 gens
683 2562 735 2610 ὃς
764 2557 890 2612 surdi
912 2559 969 2612 ad
993 2558 1204 2614 carmina
1224 2576 1413 2616 nautae:
