2133 3209
1013 198 1367 257 CARO'LI
1435 204 1672 255 RUAEt

552 231 576 268 9
591 228 620 270 4

551 294 750 353 Mand.
770 293 909 366 Qid
929 291 1112 366 cogitas
1134 306 1148 345 2
1171 288 1290 362 quid
1315 307 1464 342 caecus
1482 289 1531 341 in
1548 288 1777 342 miserum
1798 284 1935 339 struis
1951 293 1976 341 ἓ

557 377 603 428 C
588 392 732 448 yrns.
748 362 908 445 Qod
930 386 1061 440 rapta
1076 366 1241 420 suadet
1258 364 1427 437 sponsa
1442 407 1456 429 ‚
1481 366 1619 438 quod
1637 363 1831 419 vinetus
1854 380 2011 435 pater:

553 448 715 518 Qod
735 465 788 500 tu
815 446 911 517 ipsa
934 445 1150 516 pridem,
1169 462 1283 495 curn
1305 440 1392 496 viri
1413 440 1620 516 angebat
1640 440 1783 498 salus,

554 528 618 576 Et
642 521 915 596 conjugales
938 518 1156 592 precibus
1186 520 1390 592 urgebas
1414 521 1566 571 De05.

554 599 797 670 Sponsum
823 595 1015 670 petebas
1040 616 1049 640 -·
1072 598 1124 647 δε
1151 611 1362 667 patrem,
1383 597 1437 646 &
1460 593 1683 666 sponsam
1713 608 1854 666 peto:

551 674 843 748 Megabase‚
871 691 1077 747 propera
1099 692 1109 717 τ
1130 670 1248 744 jussa
1271 670 1566 745 persequere.
1594 670 1794 727 Mand.
1822 665 2063 742 Impiumj

553 753 778 802 Immane
798 749 979 802 facinus
1000 757 1018 805 ,Ι
1046 755 1214 826 Cyrm.
1242 751 1314 800 At
1335 763 1426 800 tuo
1440 746 1695 820 quondam
1720 744 1898 799 excitus

551 825 762 888 Dolore,
791 825 910 878 bella
929 845 1044 877 cum
1067 844 1218 896 nepos
1240 842 1335 878 avo
1355 823 1521 878 intulis

548 901 692 954 Pium
718 900 938 955 vocabaS.
976 905 1208 973 Conjuge
1231 917 1420 971 erepto,
1445 899 1563 954 nihil

551 976 719 1029 Verita
742 994 989 1050 parentem
1016 993 1061 1027 es
1085 994 1094 1022 :
1121 980 1333 1048 conjuge
1354 992 1514 1047 erepta
1530 1017 1547 1037 ,
1580 974 1700 1030 nihil

547 1052 739 1104 Vereor
758 1069 979 1125 parentes
997 1092 1009 1110 ‚
1037 1050 1103 1102 nil
1128 1068 1299 1102 moror
1324 1070 1333 1098 :
1361 1051 1435 1105 vel
1460 1052 1520 1104 s1c
1548 1050 1684 1122 piuss

547 1127 666 1185 Vel,
689 1128 718 1179 si
746 1128 963 1203 negabis,
989 1127 1152 1180 matris
1184 1126 1406 1198 exemplo
1426 1127 1617 1199 impius-

545 1204 743 1257 Mand.
771 1209 943 1258 Avum
968 1204 994 1256 a
1013 1219 1192 1275 nepote
1214 1202 1408 1261 cadere,
1431 1223 1552 1256 num
1571 1201 1724 1274 superi
1745 1197 2060 1273 approbent?

544 1283 590 1331 C
570 1299 652 1353 yr.
683 1280 920 1350 Sponsam
947 1296 1230 1352 patremque
1247 1278 1421 1341 deseri,
1447 1277 1542 1331 hoc
1563 1278 1720 1350 superi
1746 1274 2060 1349 approbent?

542 1355 743 1407 Mami,
774 1359 919 1408 Meus
943 1355 1017 1408 ille
1042 1370 1173 1426 pater
1196 1356 1288 1413 est,
1306 1373 1456 1427 quem
1482 1373 1632 1408 necas,
1665 1360 1776 1430 Cyr.
1807 1356 1944 1404 Tuus
1963 1391 1975 1410 ‚
2006 1368 2054 1404 at

653 1447 775 1481 sCUS.

540 1505 738 1558 Mand.
765 1509 908 1558 Meus
926 1522 1042 1579 ergo
1058 1545 1070 1563 ‚
1091 1504 1168 1560 vel
1188 1505 1265 1558 sic.
1289 1510 1333 1559 C
1315 1525 1399 1580 yr.
1423 1510 1490 1559 Et
1513 1525 1650 1560 meus
1670 1505 1794 1558 dura
1820 1503 2055 1556 innocens

538 1579 774 1651 Reptabit
795 1580 921 1633 inter
944 1580 1122 1639 vincla,
1146 1581 1268 1634 dum
1288 1584 1423 1634 vivet
1450 1587 1591 1635 reus?

535 1655 734 1709 Mand.
756 1660 845 1709 Per
866 1676 1016 1728 quem
1038 1658 1134 1728 ipsa
1156 1657 1288 1712 vivo.
1309 1659 1471 1720 Nate,
1495 1658 1555 1711 da
1583 1656 1731 1712 vitam
1748 1653 1846 1707 seni
1861 1694 1880 1716 ,

536 1731 629 1781 Per
657 1749 805 1802 quem
832 1731 909 1784 illa
927 1732 1047 1786 vivit
1068 1773 1082 1791 ‚
1114 1753 1221 1805 quae
1242 1730 1330 1783 tibi
1352 1732 1504 1786 vitam
1526 1733 1674 1786 dedit.

536 1808 655 1878 Qa
677 1806 854 1859 deinde‘
872 1826 1044 1881 regum
1063 1808 1244 1880 sceptra
1266 1807 1499 1859 traetabis
1528 1828 1678 1862 manu
1697 1849 1713 1869 ,

536 1881 636 1933 Avi
659 1882 854 1934 madens
880 1901 1049 1936 cruore
1064 1888 1088 1936 ,Ρ
1106 1890 1217 1960 Cyr.
1243 1885 1358 1953 Qa
1379 1883 1541 1937 victor
1569 1904 1719 1937 manu

537 1956 787 2009 Sustulero
808 1958 929 2029 patri
958 1958 1108 2012 vincla
1128 1999 1140 2018 ‚
1170 1978 1265 2031 qua
1287 1958 1510 2029 sponsam
1532 1979 1681 2012 manu

536 2035 725 2085 Eruero
746 2059 764 2092 ,-
784 2032 951 2087 eadem
965 2033 1143 2107 sceptra
1169 2037 1397 2087 tractabo
1418 2055 1589 2089 manu.

538 2109 734 2162 Mand.
764 2110 841 2160 Ah
858 2117 877 2165 ,Ι
899 2115 1056 2183 Cyre,
1075 2110 1239 2164 matris
1258 2130 1356 2163 una
1379 2112 1502 2182 spes,
1530 2131 1689 2165 unum
1709 2109 1850 2163 decus
1862 2106 1884 2168 ,J

541 2184 643 2233 Tot
665 2187 771 2235 acte
790 2186 1044 2258 quondam
1064 2185 1247 2239 cafibus
1265 2225 1278 2244 ,
1312 2201 1451 2238 tanto
1474 2185 1592 2239 mihi

538 2257 815 2331 Redempte
833 2261 950 2314 fletu
969 2281 978 2308 ε
999 2261 1112 2316 tene
1132 2260 1418 2332 subreptum
1439 2261 1552 2315 feris
1566 2302 1578 2320 ,

539 2331 739 2386 Salvum
757 2335 916 2388 dolere
939 2356 1098 2411 cogar.
1128 2343 1173 2391 C
1156 2359 1238 2415 yr.
1267 2342 1334 2390 Et
1353 2337 1523 2392 vivum
1547 2336 1680 2391 dole:

536 2406 705 2461 Vitam
730 2410 822 2481 ipsa
838 2452 849 2468 ‚
874 2433 1028 2485 quam
1052 2413 1159 2476 daS,
1177 2412 1334 2466 adime
1358 2440 1375 2473 ;
1398 2432 1549 2486 quam
1574 2429 1742 2484 repeto
1773 2411 1997 2477 unicam,

533 2482 774 2539 Restitue.
799 2488 996 2542 Mand.
1018 2492 1146 2542 Nate
1161 2530 1175 2552 ‚
1190 2489 1317 2561 pacis
1335 2506 1571 2543 aeternum
1589 2488 1780 2543 obicem
1793 2532 1809 2553 ,

537 2560 765 2635 Astyagis
787 2561 906 2618 odio
930 2563 1207 2641 Palmyram
1228 2564 1420 2641 objicias
1443 2584 1622 2620 nurum
1640 2570 1665 2620 ἓ
