2133 3209
587 212 1201 266 PANEGYRICL
1580 227 1646 272 „1

143 300 281 374 Qn
306 299 459 375 agite,
484 301 708 353 AEneadis
729 301 900 372 suppar
921 318 1074 375 genus
1091 339 1104 363 ,
1128 300 1183 349 &
1206 313 1339 352 nova
1358 295 1533 350 Martis

142 379 430 453 Progenies,
451 374 559 429 belli
585 377 786 430 ferratos
804 377 1015 449 rumpite
1035 374 1191 449 postes
1210 416 1226 437 ,

144 453 259 506 Tela
283 452 400 506 focis
428 453 601 525 rapite,
633 461 687 509 &
708 452 859 527 galeas
889 453 1113 527 ensesque
1142 465 1404 524 parentum

141 529 362 592 Induite,
387 530 648 582 Austriacae
671 528 857 582 scabros
879 528 1101 603 rubigine
1123 526 1278 583 caedis.

210 604 454 658 Ludimur
473 611 498 658 ,Ρ
521 625 580 658 an
602 606 803 679 gemino
825 603 991 658 Rheni
1008 605 1067 657 de
1087 603 1228 658 litore
1255 599 1441 655 clamor

140 679 518 734 Insonuit?Jam
538 681 734 734 Vesaliae
754 681 871 734 furit
894 699 1000 733 acer
1023 680 1073 733 in
1100 698 1225 734 arces

142 756 412 815 CondaeuS‚
434 758 530 825 jam
555 757 743 810 Buricio
771 756 1053 810 Turennius
1082 755 1253 814 instat,

138 835 251 890 Jam
281 832 421 886 fimul
443 832 689 903 Orsoyam
712 832 908 886 Lodoix
936 853 1052 886 cum
1078 834 1224 886 fratre
1253 828 1474 900 Philippo

138 905 591 982 Rhimbergamque
602 909 1050 981 preinunt.Qppe
1070 910 1154 963 uni
1165 904 1575 960 insisterelentum
1588 903 1654 953 est

137 986 477 1057 Ignavumque
498 988 633 1056 operi
665 1005 673 1032 :
697 1003 909 1038 numero
934 1002 1056 1039 neve
1078 984 1256 1038 obruat
1282 980 1444 1034 hostes
1461 1022 1476 1043 ,

137 1059 448 1133 Partiturque
468 1062 616 1114 aciem
637 1080 769 1114 curas
788 1059 963 1115 divisus
987 1061 1036 1112 in
1057 1080 1230 1115 omnes

137 1133 214 1188 Fit
239 1135 433 1195 minor,
463 1154 518 1189 ut
539 1136 728 1208 paribus
747 1137 838 1190 sese
866 1136 991 1191 hosti
1013 1135 1357 1191 accommodet
1382 1131 1557 1191 'armiss

138 1210 345 1283 AEquior
369 1215 422 1262 ὃς
448 1215 634 1276 veniat,
656 1232 744 1264 nec
765 1219 863 1286 jam
898 1213 994 1265 sine
1012 1213 1265 1287 sanguine,
1291 1210 1464 1281 palma.

140 1288 284 1340 Parce
307 1304 501 1347 tamen,
536 1289 780 1350 Lodoice,
810 1288 955 1341 etiam
986 1288 1187 1346 divisus,
1223 1285 1406 1358 ubique

138 1364 353 1436 Magnus
379 1383 451 1423 ες,
476 1371 528 1418 ὃς
556 1364 707 1436 spatio
731 1365 853 1418 dum
877 1363 1089 1417 distrahis
1111 1383 1244 1416 arma
1264 1402 1277 1420 ‚
1299 1363 1532 1414 timorem

139 1436 371 1491 Distrahis
390 1441 439 1491 in
462 1439 654 1511 plures,
686 1457 831 1513 atque
854 1439 1086 1493 omnibus
1106 1439 1287 1514 ingruis
1315 1435 1497 1492 absens.

141 1514 335 1585 Aspice,
361 1515 441 1569 vix
462 1535 588 1568 arces
610 1515 846 1569 fulserunt
869 1517 999 1590 figna
1018 1515 1108 1570 sub
1128 1515 1247 1587 ipsas
1265 1555 1279 1573 ‚

140 1589 398 1665 Primaque
425 1592 586 1647 vicino
608 1594 843 1646 steterunt
873 1592 1080 1646 tentoria
1101 1609 1276 1662 campo
1305 1607 1319 1644 3

140 1662 347 1738 'Jamque
372 1667 519 1720 timor
544 1669 669 1722 cives
692 1668 850 1741 quatit
871 1668 1094 1731 intuS‚&
1123 1667 1217 1738 ipse
1243 1662 1414 1717 fatiscit

142 1741 341 1796 Clausus
364 1741 521 1797 adhuc
541 1743 689 1797 miles.
729 1746 850 1796 Non
877 1743 940 1796 illi
961 1743 1110 1814 patria
1137 1743 1289 1797 virtus
1310 1780 1323 1798 ‚
1511 1808 1530 1812 ,-

142 1820 251 1884 Aut
273 1819 464 1872 Cereris
488 1819 556 1875 vis
580 1819 768 1891 ampla,
793 1836 875 1872 aut
904 1818 1012 1872 belli
1031 1817 1265 1873 immensa
1287 1815 1528 1889 supellex,

142 1897 251 1946 Aut
272 1895 437 1970 vigor,
461 1912 544 1949 aut
567 1914 798 1950 numerus
821 1914 953 1948 :non
974 1895 1091 1950 vivo
1115 1892 1312 1948 condita
1334 1893 1448 1945 saxo

142 1970 364 2026 Moenia,
394 1991 497 2023 non
520 1972 667 2043 plenis
691 1971 922 2024 undantia
943 1969 1146 2024 flumina
1169 1968 1297 2023 fossis

145 2045 378 2113 Adjecere
399 2047 590 2100 animos
607 2052 813 2100 :Franco
836 2046 974 2117 juvat
998 2044 1148 2099 obvia
1173 2046 1298 2098 ferre

144 2121 288 2174 Colla
310 2129 430 2196 jugo
445 2163 458 2182 ‚
479 2122 616 2191 juvat
638 2142 833 2177 enerves
854 2123 902 2174 in
926 2121 1119 2177 vincula
1141 2122 1353 2183 dextras,

143 2197 369 2251 Necdum
393 2216 604 2252 tentatos
627 2199 803 2254 victori
838 2199 1043 2271 pandere
1071 2217 1255 2253 muros.

207 2277 331 2348 Qo
355 2276 517 2349 fugitis
536 2276 698 2331 Batavi
712 2280 853 2327 ?non
878 2278 944 2329 est
965 2275 1071 2327 sans
1092 2292 1203 2346 apta
1222 2270 1477 2342 triumpho

146 2350 372 2403 Materies
402 2389 414 2407 ,
439 2370 650 2424 quatuor
675 2393 686 2410 ,
713 2351 922 2405 totidem
948 2371 1036 2404 nec
1054 2350 1234 2402 solibus
1262 2389 1276 2407 ‚
1300 2347 1442 2400 urbes

147 2425 312 2478 Hostis
333 2427 380 2478 in
408 2427 665 2499 imperium
692 2428 1038 2503 peregrinaque
1062 2427 1227 2479 cedere
1248 2423 1351 2492 ,iura
1369 2450 1388 2483 ‚-

146 2504 280 2553 Reza
308 2502 427 2574 quid
454 2546 466 2566 ‚
490 2507 544 2555 ὃς
568 2525 724 2558 vacuo
752 2520 882 2576 patet
910 2503 1097 2576 insuper
1119 2500 1343 2555 Embrica
1365 2500 1529 2555 vallo3

147 2577 277 2631 Proh
297 2579 458 2651 pudor
488 2600 499 2629 ι
524 2580 735 2656 Egregio
757 2582 938 2635 cineres
967 2620 981 2641 ,
1014 2576 1316 2652 albentiaque
1341 2578 1440 2630 ossa
1465 2618 1478 2635 2

1379 2658 1425 2706 R
1473 2651 1502 2723 ij
