2133 3209
519 246 607 286 190
960 224 1309 276 CAROLI
1381 220 1604 275 RUAEr

516 305 811 361 lndefessum
839 306 1089 368 animum,
1111 324 1194 360 aut
1214 307 1382 359 saltem
1408 303 1593 359 solviffe
1616 299 1790 359 videri,

517 388 584 437 Et
612 403 814 457 magnos
842 383 1006 435 studiis
1030 382 1174 435 lenire
1209 380 1479 436 minoribus
1512 381 1662 432 aestus·

517 458 637 513 Vidi
667 478 758 533 ego
781 478 893 510 cum
920 458 1087 511 laetum
1119 476 1352 511 natorum
1379 454 1521 510 turba
1552 470 1798 527 parentem

519 534 780 609 Cingeret,
811 536 863 584 ὅ(
889 532 1054 606 plausu
1077 535 1307 588 fremeret
1332 534 1525 587 domuS.
1561 529 1666 602 Ipse
1683 534 1942 601 jocantum

517 613 703 661 Interea
725 625 914 680 captare
945 609 1083 669 saleS,
1113 611 1302 684 risuque
1330 607 1562 684 probare:

516 689 643 738 Mox
671 685 839 737 animis
864 685 1081 739 stimulos
1104 704 1238 757 pater
1260 687 1454 749 addere,
1478 684 1672 756 jamque
1698 676 1913 736 volentes

517 762 577 812 In
599 761 740 813 decus
759 801 771 819 ,
801 778 1085 835 aeternaeque
1106 763 1347 835 impellere
1369 761 1519 815 laudis
1555 776 1788 812 amorem.

517 835 759 906 Imprimis
783 837 929 889 duros
957 837 1199 892 sectentur
1221 855 1484 909 amentque
1504 834 1718 894 laboreS,

517 913 780 980 Quantum
812 911 888 963 alii
910 912 1031 965 ludis
1057 914 1303 967 ducuntur
1329 935 1337 963 :
1361 917 1414 966 &
1443 912 1542 966 otia
1571 910 1689 964 totis

514 987 1068 1060 Mollitiemque‘animis
1093 988 1307 1064 fugiant,
1333 1007 1428 1063 qua
1450 989 1616 1040 tetrior
1648 984 1744 1039 ulla

515 1064 711 1134 Serpere
734 1063 782 1114 in
810 1063 1046 1117 humanas
1069 1084 1276 1138 nequeat
1308 1062 1536 1137 contagio
1558 1077 1758 1117 mentes,

514 1139 636 1190 Inde
661 1139 744 1191 ubi
774 1138 870 1208 jam
895 1143 1066 1193 cellere
1089 1142 1245 1195 domo
1262 1183 1274 1204 ,
1298 1140 1556 1211 studiisque
1589 1137 1829 1191 Minervae

514 1215 727 1272 Intenti,
751 1215 907 1267 doeio
935 1216 1059 1268 inter
1082 1218 1126 1269 se
1151 1217 1450 1270 contendere
1471 1215 1607 1276 lud0‚

511 1293 578 1341 Et
611 1289 747 1343 Latia
774 1291 1007 1362 incipiunt
1029 1310 1245 1346 mentem
1267 1310 1488 1346 exercere
1508 1290 1741 1363 palaestra:

513 1366 652 1418 Idem
682 1366 808 1419 acuis
830 1367 1033 1438 praesens
1056 1369 1271 1427 animOS,
1301 1369 1429 1420 idem
1455 1366 1611 1435 adjicis
1631 1364 1761 1437 ignes
1779 1402 1791 1421 ‚

510 1445 577 1496 Et
596 1460 823 1515 magnam
848 1460 1021 1498 recreas
1054 1444 1220 1516 puerili
1244 1444 1293 1495 in
1319 1442 1528 1516 imagine
1557 1456 1791 1493 mentem.

579 1520 689 1568 Has
715 1515 802 1569 tibi
828 1517 1035 1576 delicias,
1061 1536 1205 1586 atque
1233 1518 1332 1572 haec
1351 1536 1526 1571 natura
1553 1514 1733 1587 paravit

511 1591 729 1653 Gaudia,
755 1598 811 1646 &
831 1592 881 1644 in
904 1594 1073 1647 mediis
1092 1594 1231 1663 jubet
1258 1595 1355 1648 otia
1383 1594 1556 1647 ducere
1580 1590 1718 1643 natis.

509 1666 605 1719 His
632 1666 811 1730 fruere,
838 1686 1015 1740 optatae
1038 1677 1174 1744 juvat
1200 1672 1457 1746 indulgere
1478 1666 1651 1741 quieti:

511 1741 662 1794 Gallia
691 1761 779 1795 nec
804 1743 1031 1815 prohibet
1048 1786 1060 1804 ,
1088 1745 1321 1799 Colberte
1339 1787 1351 1804 ,
1382 1763 1469 1797 nec
1493 1743 1677 1797 invidet
1704 1738 1848 1796 orbis,

511 1817 694 1870 Scilicet
718 1821 771 1868 &
797 1837 934 1872 natos
955 1823 1117 1895 magni
1145 1822 1320 1875 decora
1341 1821 1433 1874 alta
1458 1816 1661 1892 parentis
1677 1855 1689 1876 ,

508 1896 571 1945 Et
595 1893 758 1965 patriae
785 1896 999 1948 studium
1032 1914 1196 1950 manet
1216 1898 1362 1958 olim,
1392 1899 1444 1947 &
1469 1900 1618 1969 gratia
1641 1911 1841 1965 regum,
1869 1918 1875 1922 ·

509 1972 819 2040 Muneraque
838 2013 851 2033 ,
884 1974 936 2022 &
962 1973 1078 2024 vasti
1101 1989 1320 2047 terraque
1341 1971 1561 2044 marique
1583 1968 1784 2022 labores,

510 2047 620 2096 Has
647 2044 834 2116 prolem
857 2046 905 2098 in
934 2066 1099 2107 curas,
1125 2067 1273 2124 atque
1293 2047 1394 2102 haec
1419 2049 1467 2100 in
1490 2048 1590 2099 fata
1615 2061 1861 2098 recentem

508 2119 697 2195 fingis,
729 2123 780 2171 δέ
808 2121 854 2173 in
883 2123 993 2175 tales
1020 2140 1100 2176 tua
1123 2125 1335 2201 transigis
1356 2124 1454 2176 otia
1476 2122 1646 2176 cultUS.

511 2196 587 2247 Sic
609 2196 850 2267 propriam
874 2200 1109 2270 impendis
1131 2220 1284 2273 regno
1301 2243 1314 2264 ,
1336 2198 1600 2257 Colberte,
1623 2194 1865 2269 quietem:

508 2271 614 2325 Nec
646 2270 758 2338 tibi,
786 2270 865 2327 sed
892 2273 990 2350 regi
1016 2275 1227 2331 curanda
1254 2279 1305 2330 in
1331 2275 1465 2350 prole
1491 2272 1695 2338 laboras..
