<?xml version="1.0" encoding="UTF-8"?>
<!DOCTYPE html PUBLIC "-//W3C//DTD XHTML 1.0 Transitional//EN"
    "http://www.w3.org/TR/xhtml1/DTD/xhtml1-transitional.dtd">
<html xmlns="http://www.w3.org/1999/xhtml" xml:lang="en" lang="en">
 <head>
  <title>
</title>
<meta http-equiv="Content-Type" content="text/html;charset=utf-8" />
  <meta name='ocr-system' content='tesseract 3.04.00' />
  <meta name='ocr-capabilities' content='ocr_page ocr_carea ocr_par ocr_line ocrx_word'/>
</head>
<body>
  <div class='ocr_page' id='page_1' title='image "./ruaeiesocietatej00laru_0157.png"; bbox 0 0 2133 3209; ppageno 0'>
   <div class='ocr_carea' id='block_1_1' title="bbox 563 198 1619 274">
    <p class='ocr_par' dir='ltr' id='par_1_1' title="bbox 563 198 1619 274">
     <span class='ocr_line' id='line_1_1' title="bbox 563 198 1619 274; baseline 0.001 -16"><span class='ocrx_word' id='word_1_1' title='bbox 563 198 1177 261; x_wconf 63' lang='lat' dir='ltr'>PANEGYRICL‘</span> <span class='ocrx_word' id='word_1_2' title='bbox 1544 228 1619 274; x_wconf 65' lang='lat'>1„</span> 
     </span>
    </p>
   </div>
   <div class='ocr_carea' id='block_1_2' title="bbox 104 286 1630 2571">
    <p class='ocr_par' dir='ltr' id='par_1_2' title="bbox 105 286 1617 1734">
     <span class='ocr_line' id='line_1_2' title="bbox 116 286 1328 374; baseline -0.009 -26"><span class='ocrx_word' id='word_1_3' title='bbox 116 293 321 348; x_wconf 80' lang='lat' dir='ltr'>Litora.</span> <span class='ocrx_word' id='word_1_4' title='bbox 357 289 560 344; x_wconf 87' lang='lat' dir='ltr'>discordi</span> <span class='ocrx_word' id='word_1_5' title='bbox 582 291 871 347; x_wconf 83' lang='lat' dir='ltr'>convellitur</span> <span class='ocrx_word' id='word_1_6' title='bbox 896 294 1045 374; x_wconf 79' lang='lat' dir='ltr'>Haga</span> <span class='ocrx_word' id='word_1_7' title='bbox 1069 286 1287 343; x_wconf 85' lang='lat' dir='ltr'>tumultu</span> <span class='ocrx_word' id='word_1_8' title='bbox 1316 307 1328 337; x_wconf 87' lang='lat'>:</span> 
     </span>
     <span class='ocr_line' id='line_1_3' title="bbox 114 365 1216 440; baseline -0.004 -19"><span class='ocrx_word' id='word_1_9' title='bbox 114 373 178 421; x_wconf 90' lang='lat' dir='ltr'>Et</span> <span class='ocrx_word' id='word_1_10' title='bbox 203 368 326 423; x_wconf 87' lang='lat' dir='ltr'>vinci</span> <span class='ocrx_word' id='word_1_11' title='bbox 349 365 639 439; x_wconf 77' lang='lat' dir='ltr'>impatiens,</span> <span class='ocrx_word' id='word_1_12' title='bbox 670 369 815 440; x_wconf 88' lang='lat' dir='ltr'>prodr</span> <span class='ocrx_word' id='word_1_13' title='bbox 829 368 875 419; x_wconf 89' lang='lat' dir='ltr'>se</span> <span class='ocrx_word' id='word_1_14' title='bbox 903 385 1031 420; x_wconf 83' lang='lat' dir='ltr'>curia</span> <span class='ocrx_word' id='word_1_15' title='bbox 1053 369 1216 439; x_wconf 67' lang='lat' dir='ltr'>jactat.</span> 
     </span>
     <span class='ocr_line' id='line_1_4' title="bbox 114 442 1495 519; baseline -0.001 -22"><span class='ocrx_word' id='word_1_16' title='bbox 114 444 262 498; x_wconf 87' lang='lat' dir='ltr'>Nulla</span> <span class='ocrx_word' id='word_1_17' title='bbox 291 444 438 497; x_wconf 88' lang='lat' dir='ltr'>fides·</span> <span class='ocrx_word' id='word_1_18' title='bbox 468 442 665 496; x_wconf 81' lang='lat' dir='ltr'>Gallus</span> <span class='ocrx_word' id='word_1_19' title='bbox 654 461 749 514; x_wconf 70' lang='lat' dir='ltr'>jam</span> <span class='ocrx_word' id='word_1_20' title='bbox 773 444 972 519; x_wconf 87' lang='lat' dir='ltr'>quisque</span> <span class='ocrx_word' id='word_1_21' title='bbox 994 443 1269 515; x_wconf 82' lang='lat' dir='ltr'><strong>nocensque</strong></span> <span class='ocrx_word' id='word_1_22' title='bbox 1286 456 1495 512; x_wconf 89' lang='lat' dir='ltr'>putatur</span> 
     </span>
     <span class='ocr_line' id='line_1_5' title="bbox 114 518 1392 604; baseline 0 -33"><span class='ocrx_word' id='word_1_23' title='bbox 114 523 182 572; x_wconf 86' lang='lat' dir='ltr'>Ni</span> <span class='ocrx_word' id='word_1_24' title='bbox 216 519 373 573; x_wconf 90' lang='lat' dir='ltr'>furit</span> <span class='ocrx_word' id='word_1_25' title='bbox 361 539 410 572; x_wconf 83' lang='lat' dir='ltr'>in</span> <span class='ocrx_word' id='word_1_26' title='bbox 433 539 690 604; x_wconf 78' lang='lat' dir='ltr'>procereS,</span> <span class='ocrx_word' id='word_1_27' title='bbox 720 524 774 572; x_wconf 87' lang='lat'>&amp;</span> <span class='ocrx_word' id='word_1_28' title='bbox 810 520 940 595; x_wconf 85' lang='lat' dir='ltr'>vulgi</span> <span class='ocrx_word' id='word_1_29' title='bbox 961 518 1177 602; x_wconf 82' lang='lat' dir='ltr'>exempla</span> <span class='ocrx_word' id='word_1_30' title='bbox 1205 519 1392 572; x_wconf 84' lang='lat' dir='ltr'>secutus</span> 
     </span>
     <span class='ocr_line' id='line_1_6' title="bbox 114 567 1322 670; baseline -0.002 -21"><span class='ocrx_word' id='word_1_31' title='bbox 114 595 220 649; x_wconf 88' lang='lat' dir='ltr'>Sese</span> <span class='ocrx_word' id='word_1_32' title='bbox 242 596 363 649; x_wconf 85' lang='lat' dir='ltr'>odiis</span> <span class='ocrx_word' id='word_1_33' title='bbox 386 597 611 670; x_wconf 86' lang='lat' dir='ltr'>turpique</span> <span class='ocrx_word' id='word_1_34' title='bbox 633 595 810 668; x_wconf 86' lang='lat' dir='ltr'>probat</span> <span class='ocrx_word' id='word_1_35' title='bbox 832 567 1095 649; x_wconf 87' lang='lat' dir='ltr'>formidine</span> <span class='ocrx_word' id='word_1_36' title='bbox 1125 614 1322 651; x_wconf 82' lang='lat' dir='ltr'>civem.-</span> 
     </span>
     <span class='ocr_line' id='line_1_7' title="bbox 111 670 1423 744; baseline 0.002 -20"><span class='ocrx_word' id='word_1_37' title='bbox 111 674 217 724; x_wconf 90' lang='lat' dir='ltr'>Nec</span> <span class='ocrx_word' id='word_1_38' title='bbox 240 673 372 726; x_wconf 80' lang='lat' dir='ltr'>furiis</span> <span class='ocrx_word' id='word_1_39' title='bbox 398 674 594 727; x_wconf 77' lang='lat' dir='ltr'>modus,</span> <span class='ocrx_word' id='word_1_40' title='bbox 620 673 728 744; x_wconf 83' lang='lat' dir='ltr'>Ipsa</span> <span class='ocrx_word' id='word_1_41' title='bbox 747 691 898 726; x_wconf 81' lang='lat' dir='ltr'>manu</span> <span class='ocrx_word' id='word_1_42' title='bbox 920 670 1200 726; x_wconf 85' lang='lat' dir='ltr'>subvertere</span> <span class='ocrx_word' id='word_1_43' title='bbox 1220 670 1423 726; x_wconf 75' lang='lat' dir='ltr'>claustra</span> 
     </span>
     <span class='ocr_line' id='line_1_8' title="bbox 111 747 1459 834; baseline -0.003 -33"><span class='ocrx_word' id='word_1_44' title='bbox 111 748 436 834; x_wconf 80' lang='lat' dir='ltr'>Admissoque</span> <span class='ocrx_word' id='word_1_45' title='bbox 460 747 598 802; x_wconf 89' lang='lat' dir='ltr'>lubet</span> <span class='ocrx_word' id='word_1_46' title='bbox 625 748 722 800; x_wconf 85' lang='lat' dir='ltr'>sola</span> <span class='ocrx_word' id='word_1_47' title='bbox 752 749 987 823; x_wconf 84' lang='lat' dir='ltr'>naufraga</span> <span class='ocrx_word' id='word_1_48' title='bbox 1015 765 1233 822; x_wconf 82' lang='lat' dir='ltr'>mergere</span> <span class='ocrx_word' id='word_1_49' title='bbox 1257 766 1418 819; x_wconf 88' lang='lat' dir='ltr'>ponto</span> <span class='ocrx_word' id='word_1_50' title='bbox 1448 769 1459 797; x_wconf 69' lang='grc' dir='ltr'><strong><em>ε</em></strong></span> 
     </span>
     <span class='ocr_line' id='line_1_9' title="bbox 108 823 1458 888; baseline 0.002 -12"><span class='ocrx_word' id='word_1_51' title='bbox 108 827 176 876; x_wconf 87' lang='lat' dir='ltr'>Et</span> <span class='ocrx_word' id='word_1_52' title='bbox 206 824 382 879; x_wconf 79' lang='lat' dir='ltr'>miletis</span> <span class='ocrx_word' id='word_1_53' title='bbox 409 844 463 878; x_wconf 90' lang='lat' dir='ltr'>ea</span> <span class='ocrx_word' id='word_1_54' title='bbox 491 825 586 880; x_wconf 86' lang='lat' dir='ltr'>visa</span> <span class='ocrx_word' id='word_1_55' title='bbox 612 823 749 878; x_wconf 87' lang='lat' dir='ltr'>salus.</span> <span class='ocrx_word' id='word_1_56' title='bbox 780 825 946 878; x_wconf 82' lang='lat' dir='ltr'>Labor</span> <span class='ocrx_word' id='word_1_57' title='bbox 970 823 1240 888; x_wconf 76' lang='lat' dir='ltr'>omnibu3‚</span> <span class='ocrx_word' id='word_1_58' title='bbox 1264 843 1458 879; x_wconf 88' lang='lat' dir='ltr'>aurum</span> 
     </span>
     <span class='ocr_line' id='line_1_10' title="bbox 109 900 1442 977; baseline 0.002 -25"><span class='ocrx_word' id='word_1_59' title='bbox 109 900 404 961; x_wconf 86' lang='lat' dir='ltr'>Defodere‚</span> <span class='ocrx_word' id='word_1_60' title='bbox 430 901 577 977; x_wconf 86' lang='lat' dir='ltr'>inque</span> <span class='ocrx_word' id='word_1_61' title='bbox 597 901 713 954; x_wconf 86' lang='lat' dir='ltr'>alios</span> <span class='ocrx_word' id='word_1_62' title='bbox 735 900 1029 955; x_wconf 68' lang='lat' dir='ltr'>subvectum</span> <span class='ocrx_word' id='word_1_63' title='bbox 1055 918 1269 955; x_wconf 84' lang='lat' dir='ltr'>avertere</span> <span class='ocrx_word' id='word_1_64' title='bbox 1295 900 1442 955; x_wconf 80' lang='lat' dir='ltr'>fines:</span> 
     </span>
     <span class='ocr_line' id='line_1_11' title="bbox 105 976 1307 1037; baseline 0.002 -10"><span class='ocrx_word' id='word_1_65' title='bbox 105 979 167 1028; x_wconf 90' lang='lat' dir='ltr'>Et</span> <span class='ocrx_word' id='word_1_66' title='bbox 197 977 368 1033; x_wconf 87' lang='lat' dir='ltr'>servire</span> <span class='ocrx_word' id='word_1_67' title='bbox 399 978 504 1033; x_wconf 86' lang='lat' dir='ltr'>leve</span> <span class='ocrx_word' id='word_1_68' title='bbox 526 979 636 1037; x_wconf 87' lang='lat' dir='ltr'>est,</span> <span class='ocrx_word' id='word_1_69' title='bbox 667 978 788 1030; x_wconf 88' lang='lat' dir='ltr'>dum</span> <span class='ocrx_word' id='word_1_70' title='bbox 814 996 875 1030; x_wconf 90' lang='lat' dir='ltr'>ne</span> <span class='ocrx_word' id='word_1_71' title='bbox 898 976 1134 1032; x_wconf 67' lang='lat' dir='ltr'>victoris</span> <span class='ocrx_word' id='word_1_72' title='bbox 1122 996 1172 1029; x_wconf 88' lang='lat' dir='ltr'><strong>m</strong></span> <span class='ocrx_word' id='word_1_73' title='bbox 1197 977 1307 1030; x_wconf 87' lang='lat' dir='ltr'>usus</span> 
     </span>
     <span class='ocr_line' id='line_1_12' title="bbox 110 1052 1270 1127; baseline 0.002 -24"><span class='ocrx_word' id='word_1_74' title='bbox 110 1053 210 1105; x_wconf 93' lang='lat' dir='ltr'>Tot</span> <span class='ocrx_word' id='word_1_75' title='bbox 229 1055 423 1126; x_wconf 70' lang='lat' dir='ltr'>’captiva</span> <span class='ocrx_word' id='word_1_76' title='bbox 444 1053 700 1107; x_wconf 78' lang='lat' dir='ltr'>cadanto</span> <span class='ocrx_word' id='word_1_77' title='bbox 642 1073 700 1127; x_wconf 86' lang='lat' dir='ltr'>ag</span> <span class='ocrx_word' id='word_1_78' title='bbox 703 1055 844 1126; x_wconf 65' lang='lat' dir='ltr'>gestae</span> <span class='ocrx_word' id='word_1_79' title='bbox 867 1052 1137 1127; x_wconf 46' lang='lat' dir='ltr'>pondera&amp;</span> <span class='ocrx_word' id='word_1_80' title='bbox 1106 1071 1270 1106; x_wconf 71' lang='lat' dir='ltr'>oazae·</span> 
     </span>
     <span class='ocr_line' id='line_1_13' title="bbox 107 1127 1267 1202; baseline 0.001 -23"><span class='ocrx_word' id='word_1_81' title='bbox 107 1128 267 1182; x_wconf 88' lang='lat' dir='ltr'>Tanta</span> <span class='ocrx_word' id='word_1_82' title='bbox 295 1132 444 1183; x_wconf 75' lang='lat' dir='ltr'>fames</span> <span class='ocrx_word' id='word_1_83' title='bbox 472 1129 572 1182; x_wconf 84' lang='lat' dir='ltr'>auri</span> <span class='ocrx_word' id='word_1_84' title='bbox 598 1171 616 1191; x_wconf 88' lang='lat'><em>,</em></span> <span class='ocrx_word' id='word_1_85' title='bbox 639 1148 861 1202; x_wconf 81' lang='lat' dir='ltr'>veraeque</span> <span class='ocrx_word' id='word_1_86' title='bbox 887 1127 1074 1182; x_wconf 86' lang='lat' dir='ltr'>oblivio</span> <span class='ocrx_word' id='word_1_87' title='bbox 1101 1129 1267 1183; x_wconf 79' lang='lat' dir='ltr'>laudis.</span> 
     </span>
     <span class='ocr_line' id='line_1_14' title="bbox 107 1204 1617 1265; baseline 0 -7"><span class='ocrx_word' id='word_1_88' title='bbox 107 1207 180 1258; x_wconf 92' lang='lat' dir='ltr'>At</span> <span class='ocrx_word' id='word_1_89' title='bbox 205 1224 308 1258; x_wconf 89' lang='lat' dir='ltr'>non</span> <span class='ocrx_word' id='word_1_90' title='bbox 331 1206 461 1259; x_wconf 85' lang='lat' dir='ltr'>idem</span> <span class='ocrx_word' id='word_1_91' title='bbox 486 1205 676 1257; x_wconf 84' lang='lat' dir='ltr'>animus</span> <span class='ocrx_word' id='word_1_92' title='bbox 698 1221 864 1258; x_wconf 87' lang='lat' dir='ltr'>tamen</span> <span class='ocrx_word' id='word_1_93' title='bbox 889 1204 1161 1265; x_wconf 82' lang='lat' dir='ltr'>omnibus,</span> <span class='ocrx_word' id='word_1_94' title='bbox 1182 1221 1266 1258; x_wconf 92' lang='lat' dir='ltr'>aut</span> <span class='ocrx_word' id='word_1_95' title='bbox 1291 1205 1430 1260; x_wconf 86' lang='lat' dir='ltr'>furor</span> <span class='ocrx_word' id='word_1_96' title='bbox 1459 1207 1617 1264; x_wconf 77' lang='lat' dir='ltr'>idem:</span> 
     </span>
     <span class='ocr_line' id='line_1_15' title="bbox 106 1278 1268 1356; baseline -0.003 -21"><span class='ocrx_word' id='word_1_97' title='bbox 106 1282 237 1335; x_wconf 86' lang='lat' dir='ltr'>Sunt</span> <span class='ocrx_word' id='word_1_98' title='bbox 264 1283 348 1356; x_wconf 90' lang='lat' dir='ltr'>qui</span> <span class='ocrx_word' id='word_1_99' title='bbox 372 1281 543 1334; x_wconf 89' lang='lat' dir='ltr'>fraude</span> <span class='ocrx_word' id='word_1_100' title='bbox 563 1280 654 1332; x_wconf 78' lang='lat' dir='ltr'>suis</span> <span class='ocrx_word' id='word_1_101' title='bbox 677 1298 898 1352; x_wconf 76' lang='lat' dir='ltr'>quaetant</span> <span class='ocrx_word' id='word_1_102' title='bbox 922 1280 1083 1333; x_wconf 87' lang='lat' dir='ltr'>solatia</span> <span class='ocrx_word' id='word_1_103' title='bbox 1109 1278 1268 1334; x_wconf 86' lang='lat' dir='ltr'>rebus.</span> 
     </span>
     <span class='ocr_line' id='line_1_16' title="bbox 106 1354 1213 1441; baseline -0.001 -32"><span class='ocrx_word' id='word_1_104' title='bbox 106 1359 237 1431; x_wconf 87' lang='lat' dir='ltr'>Ergo</span> <span class='ocrx_word' id='word_1_105' title='bbox 265 1376 429 1428; x_wconf 82' lang='lat' dir='ltr'>pacem</span> <span class='ocrx_word' id='word_1_106' title='bbox 457 1356 532 1410; x_wconf 87' lang='lat' dir='ltr'>alii</span> <span class='ocrx_word' id='word_1_107' title='bbox 553 1354 710 1412; x_wconf 84' lang='lat' dir='ltr'>verbis</span> <span class='ocrx_word' id='word_1_108' title='bbox 736 1359 791 1408; x_wconf 85' lang='lat'>&amp;</span> <span class='ocrx_word' id='word_1_109' title='bbox 812 1355 1019 1441; x_wconf 86' lang='lat' dir='ltr'>supplice</span> <span class='ocrx_word' id='word_1_110' title='bbox 1039 1356 1213 1414; x_wconf 90' lang='lat' dir='ltr'>cultu,</span> 
     </span>
     <span class='ocr_line' id='line_1_17' title="bbox 105 1432 1371 1516; baseline 0.003 -33"><span class='ocrx_word' id='word_1_111' title='bbox 105 1432 321 1486; x_wconf 67' lang='lat' dir='ltr'>Victoris</span> <span class='ocrx_word' id='word_1_112' title='bbox 343 1434 432 1487; x_wconf 79' lang='lat' dir='ltr'>fufi</span> <span class='ocrx_word' id='word_1_113' title='bbox 456 1450 568 1485; x_wconf 90' lang='lat' dir='ltr'>ante</span> <span class='ocrx_word' id='word_1_114' title='bbox 591 1433 767 1504; x_wconf 81' lang='lat' dir='ltr'>pedes,</span> <span class='ocrx_word' id='word_1_115' title='bbox 800 1434 1091 1506; x_wconf 83' lang='lat' dir='ltr'>veniamque</span> <span class='ocrx_word' id='word_1_116' title='bbox 1109 1449 1371 1516; x_wconf 82' lang='lat' dir='ltr'>precantur</span> 
     </span>
     <span class='ocr_line' id='line_1_18' title="bbox 105 1507 1158 1583; baseline -0.003 -23"><span class='ocrx_word' id='word_1_117' title='bbox 105 1510 250 1562; x_wconf 84' lang='lat' dir='ltr'>Exofi</span> <span class='ocrx_word' id='word_1_118' title='bbox 283 1508 474 1564; x_wconf 84' lang='lat' dir='ltr'>veniam</span> <span class='ocrx_word' id='word_1_119' title='bbox 500 1549 511 1567; x_wconf 88' lang='lat'>,</span> <span class='ocrx_word' id='word_1_120' title='bbox 538 1507 758 1583; x_wconf 84' lang='lat' dir='ltr'>legesque</span> <span class='ocrx_word' id='word_1_121' title='bbox 783 1508 975 1562; x_wconf 88' lang='lat' dir='ltr'>eludere</span> <span class='ocrx_word' id='word_1_122' title='bbox 1003 1510 1119 1561; x_wconf 87' lang='lat' dir='ltr'>certi</span> <span class='ocrx_word' id='word_1_123' title='bbox 1148 1529 1158 1557; x_wconf 74' lang='grc' dir='ltr'><strong>ε</strong></span> 
     </span>
     <span class='ocr_line' id='line_1_19' title="bbox 105 1583 1470 1659; baseline 0.002 -23"><span class='ocrx_word' id='word_1_124' title='bbox 105 1584 228 1637; x_wconf 89' lang='lat' dir='ltr'>Bella</span> <span class='ocrx_word' id='word_1_125' title='bbox 249 1585 323 1639; x_wconf 85' lang='lat' dir='ltr'>alii</span> <span class='ocrx_word' id='word_1_126' title='bbox 360 1627 377 1647; x_wconf 77' lang='grc'><em>,</em></span> <span class='ocrx_word' id='word_1_127' title='bbox 401 1585 645 1659; x_wconf 82' lang='lat' dir='ltr'>sociasque</span> <span class='ocrx_word' id='word_1_128' title='bbox 675 1584 871 1659; x_wconf 86' lang='lat' dir='ltr'>Aquilas</span> <span class='ocrx_word' id='word_1_129' title='bbox 893 1627 910 1646; x_wconf 85' lang='grc'><em>,</em></span> <span class='ocrx_word' id='word_1_130' title='bbox 939 1583 1199 1656; x_wconf 82' lang='lat' dir='ltr'>foedusque</span> <span class='ocrx_word' id='word_1_131' title='bbox 1219 1585 1470 1640; x_wconf 83' lang='lat' dir='ltr'>minantur</span> 
     </span>
     <span class='ocr_line' id='line_1_20' title="bbox 107 1661 1275 1734; baseline -0.001 -20"><span class='ocrx_word' id='word_1_132' title='bbox 107 1662 315 1714; x_wconf 80' lang='lat' dir='ltr'>Martis</span> <span class='ocrx_word' id='word_1_133' title='bbox 303 1665 575 1734; x_wconf 81' lang='lat' dir='ltr'>mexperti‚</span> <span class='ocrx_word' id='word_1_134' title='bbox 609 1680 862 1733; x_wconf 85' lang='lat' dir='ltr'>peregrmo</span> <span class='ocrx_word' id='word_1_135' title='bbox 894 1666 1056 1714; x_wconf 85' lang='lat' dir='ltr'>Marte</span> <span class='ocrx_word' id='word_1_136' title='bbox 1078 1661 1275 1714; x_wconf 73' lang='lat' dir='ltr'>feroceS.</span> 
     </span>
    </p>

    <p class='ocr_par' dir='ltr' id='par_1_3' title="bbox 104 1735 1630 2571">
     <span class='ocr_line' id='line_1_21' title="bbox 172 1735 1212 1813; baseline -0.003 -22"><span class='ocrx_word' id='word_1_137' title='bbox 172 1737 281 1791; x_wconf 90' lang='lat' dir='ltr'>Nec</span> <span class='ocrx_word' id='word_1_138' title='bbox 307 1758 471 1813; x_wconf 82' lang='lat' dir='ltr'>regem</span> <span class='ocrx_word' id='word_1_139' title='bbox 494 1737 676 1790; x_wconf 85' lang='lat' dir='ltr'>latuere</span> <span class='ocrx_word' id='word_1_140' title='bbox 699 1738 832 1789; x_wconf 89' lang='lat' dir='ltr'>doli:</span> <span class='ocrx_word' id='word_1_141' title='bbox 858 1735 1031 1788; x_wconf 86' lang='lat' dir='ltr'>fallacia</span> <span class='ocrx_word' id='word_1_142' title='bbox 1055 1737 1212 1810; x_wconf 86' lang='lat' dir='ltr'>gentis</span> 
     </span>
     <span class='ocr_line' id='line_1_22' title="bbox 106 1784 1333 1897; baseline 0.003 -35"><span class='ocrx_word' id='word_1_143' title='bbox 106 1811 279 1874; x_wconf 85' lang='lat' dir='ltr'>Vota,</span> <span class='ocrx_word' id='word_1_144' title='bbox 308 1784 528 1886; x_wconf 87' lang='lat' dir='ltr'>levesque</span> <span class='ocrx_word' id='word_1_145' title='bbox 550 1812 738 1871; x_wconf 81' lang='lat' dir='ltr'>minas,</span> <span class='ocrx_word' id='word_1_146' title='bbox 765 1814 865 1885; x_wconf 88' lang='lat' dir='ltr'>paci</span> <span class='ocrx_word' id='word_1_147' title='bbox 894 1811 1121 1884; x_wconf 77' lang='lat' dir='ltr'>belloque</span> <span class='ocrx_word' id='word_1_148' title='bbox 1141 1829 1333 1897; x_wconf 80' lang='lat' dir='ltr'>paratus</span> 
     </span>
     <span class='ocr_line' id='line_1_23' title="bbox 107 1888 1373 1961; baseline 0.002 -21"><span class='ocrx_word' id='word_1_149' title='bbox 107 1890 362 1961; x_wconf 88' lang='lat' dir='ltr'>Despicit:</span> <span class='ocrx_word' id='word_1_150' title='bbox 391 1895 457 1943; x_wconf 86' lang='lat' dir='ltr'>Et</span> <span class='ocrx_word' id='word_1_151' title='bbox 477 1888 629 1946; x_wconf 81' lang='lat' dir='ltr'>veniae</span> <span class='ocrx_word' id='word_1_152' title='bbox 652 1890 714 1942; x_wconf 78' lang='lat' dir='ltr'>fic</span> <span class='ocrx_word' id='word_1_153' title='bbox 732 1908 933 1941; x_wconf 80' lang='lat' dir='ltr'>nornine</span> <span class='ocrx_word' id='word_1_154' title='bbox 954 1888 1154 1949; x_wconf 75' lang='lat' dir='ltr'>luditis,</span> <span class='ocrx_word' id='word_1_155' title='bbox 1179 1889 1372 1961; x_wconf 87' lang='lat' dir='ltr'>inqu1t</span> <span class='ocrx_word' id='word_1_156' title='bbox 1358 1927 1373 1952; x_wconf 87' lang='lat'><em>,</em></span> 
     </span>
     <span class='ocr_line' id='line_1_24' title="bbox 106 1963 1311 2039; baseline 0.003 -25"><span class='ocrx_word' id='word_1_157' title='bbox 106 1965 210 2018; x_wconf 91' lang='lat' dir='ltr'>Nec</span> <span class='ocrx_word' id='word_1_158' title='bbox 232 1966 429 2023; x_wconf 84' lang='lat' dir='ltr'>veniat,</span> <span class='ocrx_word' id='word_1_159' title='bbox 458 1964 652 2023; x_wconf 85' lang='lat' dir='ltr'>Batavi,</span> <span class='ocrx_word' id='word_1_160' title='bbox 680 1984 769 2018; x_wconf 73' lang='lat' dir='ltr'>nec</span> <span class='ocrx_word' id='word_1_161' title='bbox 792 1984 878 2020; x_wconf 82' lang='lat' dir='ltr'>Vos</span> <span class='ocrx_word' id='word_1_162' title='bbox 901 1963 1246 2039; x_wconf 79' lang='lat' dir='ltr'>dignabimur</span> <span class='ocrx_word' id='word_1_163' title='bbox 1234 1984 1311 2019; x_wconf 90' lang='lat' dir='ltr'>1ra.</span> 
     </span>
     <span class='ocr_line' id='line_1_25' title="bbox 104 2039 1438 2116; baseline 0.002 -25"><span class='ocrx_word' id='word_1_164' title='bbox 104 2040 236 2095; x_wconf 87' lang='lat' dir='ltr'>Nam</span> <span class='ocrx_word' id='word_1_165' title='bbox 266 2041 417 2116; x_wconf 87' lang='lat' dir='ltr'>quid</span> <span class='ocrx_word' id='word_1_166' title='bbox 406 2060 528 2094; x_wconf 82' lang='lat' dir='ltr'>mers</span> <span class='ocrx_word' id='word_1_167' title='bbox 552 2040 704 2099; x_wconf 85' lang='lat' dir='ltr'>ultra,</span> <span class='ocrx_word' id='word_1_168' title='bbox 737 2041 887 2099; x_wconf 67' lang='lat' dir='ltr'>socii,</span> <span class='ocrx_word' id='word_1_169' title='bbox 912 2061 1002 2092; x_wconf 85' lang='lat' dir='ltr'>nos</span> <span class='ocrx_word' id='word_1_170' title='bbox 1030 2040 1216 2093; x_wconf 90' lang='lat' dir='ltr'>detinet</span> <span class='ocrx_word' id='word_1_171' title='bbox 1249 2039 1438 2100; x_wconf 82' lang='lat' dir='ltr'>hostis,</span> 
     </span>
     <span class='ocr_line' id='line_1_26' title="bbox 105 2115 1630 2188; baseline 0.004 -20"><span class='ocrx_word' id='word_1_172' title='bbox 105 2117 357 2171; x_wconf 85' lang='lat' dir='ltr'>Pareamus</span> <span class='ocrx_word' id='word_1_173' title='bbox 375 2115 539 2171; x_wconf 88' lang='lat' dir='ltr'>ferro:</span> <span class='ocrx_word' id='word_1_174' title='bbox 562 2121 742 2170; x_wconf 83' lang='lat' dir='ltr'>Franca</span> <span class='ocrx_word' id='word_1_175' title='bbox 771 2116 982 2170; x_wconf 84' lang='lat' dir='ltr'>cecidisse</span> <span class='ocrx_word' id='word_1_176' title='bbox 1022 2115 1283 2188; x_wconf 87' lang='lat' dir='ltr'>superbum</span> <span class='ocrx_word' id='word_1_177' title='bbox 1317 2118 1383 2171; x_wconf 89' lang='lat' dir='ltr'>est</span> <span class='ocrx_word' id='word_1_178' title='bbox 1601 2140 1630 2174; x_wconf 60' lang='grc' dir='ltr'><strong>ι</strong></span> 
     </span>
     <span class='ocr_line' id='line_1_27' title="bbox 106 2192 1285 2267; baseline 0.001 -22"><span class='ocrx_word' id='word_1_179' title='bbox 106 2194 369 2267; x_wconf 82' lang='lat' dir='ltr'>Regalique</span> <span class='ocrx_word' id='word_1_180' title='bbox 401 2213 588 2247; x_wconf 84' lang='lat' dir='ltr'>manu:</span> <span class='ocrx_word' id='word_1_181' title='bbox 614 2193 813 2265; x_wconf 85' lang='lat' dir='ltr'>proprio</span> <span class='ocrx_word' id='word_1_182' title='bbox 836 2210 947 2246; x_wconf 87' lang='lat' dir='ltr'>ruat</span> <span class='ocrx_word' id='word_1_183' title='bbox 968 2192 1065 2265; x_wconf 86' lang='lat' dir='ltr'>ipse</span> <span class='ocrx_word' id='word_1_184' title='bbox 1085 2194 1285 2257; x_wconf 88' lang='lat' dir='ltr'>furore,</span> 
     </span>
     <span class='ocr_line' id='line_1_28' title="bbox 106 2267 1442 2333; baseline 0.005 -16"><span class='ocrx_word' id='word_1_185' title='bbox 106 2267 282 2323; x_wconf 88' lang='lat' dir='ltr'>Vertat</span> <span class='ocrx_word' id='word_1_186' title='bbox 310 2274 361 2322; x_wconf 66' lang='grc' dir='ltr'>ἅ</span> <span class='ocrx_word' id='word_1_187' title='bbox 383 2269 515 2323; x_wconf 87' lang='lat' dir='ltr'>imb</span> <span class='ocrx_word' id='word_1_188' title='bbox 502 2269 632 2322; x_wconf 81' lang='lat' dir='ltr'>llem</span> <span class='ocrx_word' id='word_1_189' title='bbox 654 2269 913 2322; x_wconf 84' lang='lat' dir='ltr'>scelerata</span> <span class='ocrx_word' id='word_1_190' title='bbox 901 2289 950 2323; x_wconf 92' lang='lat' dir='ltr'>1n</span> <span class='ocrx_word' id='word_1_191' title='bbox 977 2270 1155 2324; x_wconf 84' lang='lat' dir='ltr'>viscera</span> <span class='ocrx_word' id='word_1_192' title='bbox 1181 2270 1442 2324; x_wconf 83' lang='lat' dir='ltr'>dextram</span> <span class='ocrx_word' id='word_1_193' title='bbox 1419 2313 1437 2333; x_wconf 61' lang='lat'><em>2</em></span> 
     </span>
     <span class='ocr_line' id='line_1_29' title="bbox 105 2344 1386 2426; baseline 0.002 -31"><span class='ocrx_word' id='word_1_194' title='bbox 105 2345 345 2399; x_wconf 83' lang='lat' dir='ltr'>Hostibus</span> <span class='ocrx_word' id='word_1_195' title='bbox 367 2344 497 2399; x_wconf 85' lang='lat' dir='ltr'>haud</span> <span class='ocrx_word' id='word_1_196' title='bbox 522 2346 616 2398; x_wconf 84' lang='lat' dir='ltr'>aliis</span> <span class='ocrx_word' id='word_1_197' title='bbox 646 2346 835 2426; x_wconf 84' lang='lat' dir='ltr'>alioque</span> <span class='ocrx_word' id='word_1_198' title='bbox 858 2345 987 2400; x_wconf 84' lang='lat' dir='ltr'>haud</span> <span class='ocrx_word' id='word_1_199' title='bbox 1006 2348 1174 2399; x_wconf 89' lang='lat' dir='ltr'>funere</span> <span class='ocrx_word' id='word_1_200' title='bbox 1199 2347 1386 2421; x_wconf 78' lang='lat' dir='ltr'>dignus</span> 
     </span>
     <span class='ocr_line' id='line_1_30' title="bbox 106 2412 1302 2498; baseline 0.005 -27"><span class='ocrx_word' id='word_1_201' title='bbox 106 2420 281 2481; x_wconf 85' lang='lat' dir='ltr'>Dixit,</span> <span class='ocrx_word' id='word_1_202' title='bbox 311 2426 363 2474; x_wconf 84' lang='lat'>&amp;</span> <span class='ocrx_word' id='word_1_203' title='bbox 391 2412 604 2476; x_wconf 83' lang='lat' dir='ltr'>excitum</span> <span class='ocrx_word' id='word_1_204' title='bbox 625 2424 841 2498; x_wconf 80' lang='lat' dir='ltr'>Stygiis</span> <span class='ocrx_word' id='word_1_205' title='bbox 825 2445 850 2476; x_wconf 85' lang='lat' dir='ltr'>e</span> <span class='ocrx_word' id='word_1_206' title='bbox 877 2424 938 2474; x_wconf 83' lang='lat' dir='ltr'>fa</span> <span class='ocrx_word' id='word_1_207' title='bbox 932 2423 1099 2476; x_wconf 72' lang='lat' dir='ltr'>icibus</span> <span class='ocrx_word' id='word_1_208' title='bbox 1125 2442 1302 2495; x_wconf 80' lang='lat' dir='ltr'>agmen</span> 
     </span>
     <span class='ocr_line' id='line_1_31' title="bbox 105 2462 1235 2571; baseline 0.002 -23"><span class='ocrx_word' id='word_1_209' title='bbox 105 2462 374 2571; x_wconf 81' lang='lat' dir='ltr'>Civilesque</span> <span class='ocrx_word' id='word_1_210' title='bbox 402 2497 591 2552; x_wconf 83' lang='lat' dir='ltr'>trahens</span> <span class='ocrx_word' id='word_1_211' title='bbox 616 2499 778 2552; x_wconf 87' lang='lat' dir='ltr'>secum</span> <span class='ocrx_word' id='word_1_212' title='bbox 811 2497 1061 2552; x_wconf 87' lang='lat' dir='ltr'>Discordia</span> <span class='ocrx_word' id='word_1_213' title='bbox 1087 2501 1235 2571; x_wconf 83' lang='lat' dir='ltr'>pestes</span> 
     </span>
    </p>
   </div>
   <div class='ocr_carea' id='block_1_3' title="bbox 104 2570 1421 2720">
    <p class='ocr_par' dir='ltr' id='par_1_4' title="bbox 104 2570 1421 2720">
     <span class='ocr_line' id='line_1_32' title="bbox 104 2570 1402 2705; baseline 0.003 -81"><span class='ocrx_word' id='word_1_214' title='bbox 104 2570 336 2630; x_wconf 83' lang='lat' dir='ltr'>Infaustas</span> <span class='ocrx_word' id='word_1_215' title='bbox 355 2576 585 2650; x_wconf 78' lang='lat' dir='ltr'>populat,</span> <span class='ocrx_word' id='word_1_216' title='bbox 611 2574 787 2650; x_wconf 85' lang='lat' dir='ltr'>quibus</span> <span class='ocrx_word' id='word_1_217' title='bbox 820 2574 958 2631; x_wconf 84' lang='lat' dir='ltr'>heros</span> <span class='ocrx_word' id='word_1_218' title='bbox 985 2575 1222 2635; x_wconf 87' lang='lat' dir='ltr'>abstinet,</span> <span class='ocrx_word' id='word_1_219' title='bbox 1209 2594 1402 2705; x_wconf 77' lang='lat' dir='ltr'>,.orSas</span> 
     </span>
     <span class='ocr_line' id='line_1_33' title="bbox 1390 2667 1421 2720; baseline 0 0"><span class='ocrx_word' id='word_1_220' title='bbox 1390 2667 1421 2720; x_wconf 72' lang='lat'>¹}</span> 
     </span>
    </p>
   </div>
  </div>
 </body>
</html>
