2133 3209
563 244 643 297 ¹32*
1038 243 1386 294 CAROLI
1450 241 1692 294 RUAEI

555 326 753 397 Proque
778 321 898 377 focis
924 322 1182 397 quondam
1207 342 1300 394 pro
1319 321 1538 375 libertate
1560 321 1826 375 cadentum

554 403 858 474 Magnorum
881 398 1097 452 tumulos
1115 397 1326 471 pedibus
1346 398 1533 471 pullatis
1550 415 1756 454 avorum
1780 438 1795 460 ,

553 478 668 528 Hac
689 493 1001 558 quacumque
1022 475 1137 550 fuga
1163 476 1244 528 est.
1266 479 1338 528 At
1364 495 1520 550 quo:³
1489 494 1602 527 oens
1620 472 1796 525 Martia
1818 471 1958 528 vobis

554 551 753 604 Auriaci
773 569 1031 622 proceres,
1058 570 1291 625 vanaeque
1312 519 1529 623 superbia
1551 548 1765 606 mentis,

551 631 794 699 Qonam
816 624 969 688 abiit3
993 647 1215 700 quonam
1240 627 1316 681 ille
1339 648 1464 681 mari
1488 645 1591 681 tarn
1611 623 1785 678 nobilis
1805 626 1948 680 ardor
1971 667 1985 687 ,

549 708 616 756 Et
637 720 790 785 nuper
815 702 950 756 Dani
976 704 1206 759 servatrix
1234 705 1429 758 dextera
1446 702 1652 775 sceptri?

549 778 633 831 Nil
660 797 844 851 agimus
873 779 1106 832 monitis:
1128 779 1261 833 casus
1287 780 1509 853 malaque
1532 776 1700 832 omnia
1724 793 1893 832 contra

549 857 809 909 ‚Hastenus
831 854 923 907 esse
949 856 1076 910 viros
1100 855 1272 920 licuit,
1297 856 1544 930 fortesque
1568 854 1754 910 videri

546 934 699 984 Nunc
724 929 818 984 alio
844 948 916 983 res
935 931 1070 986 versa
1103 970 1116 990 ‚
1153 951 1312 1004 neque
1336 933 1435 985 est
1424 930 1613 1006 ignavia
1636 931 1857 1003 probro·

549 1006 792 1060 Ducitur
781 1026 832 1059 m
856 1026 1049 1060 morem
1073 1007 1295 1079 populis,
1321 1006 1406 1060 ubi
1443 1008 1655 1061 Gallicus
1685 1006 1801 1058 ensis

546 1081 822 1144 Imminet,
847 1085 900 1133 &
935 1081 1103 1137 Gallos
1133 1100 1274 1158 urget
1295 1083 1541 1154 praesentia
1568 1082 1703 1156 regis.

623 1158 729 1231 Ipse
756 1175 925 1212 autem
946 1159 1183 1213 attonitus
1206 1159 1379 1231 coeptis
1408 1175 1555 1232 atque
1582 1159 1749 1212 omine
1780 1156 1887 1211 belli

547 1238 815 1288 Fortunam
837 1234 1061 1295 incusat,
1084 1236 1222 1308 quod
1249 1253 1348 1288 tam
1374 1233 1644 1317 pernicibus
1665 1233 1746 1286 alis

545 1308 838 1368 Virtutem,
869 1276 1116 1365 antevolet
1138 1311 1276 1383 quod
1300 1328 1424 1364 votis
1452 1310 1608 1382 praelia
1633 1310 1800 1363 desint.

543 1388 680 1439 Nam
710 1405 870 1459 neque
893 1387 1065 1458 captivi
1087 1387 1405 1458 peditumque
1429 1389 1751 1459 equitumque
1775 1385 2058 1459 ducumque

545 1460 680 1513 Mille
699 1479 865 1536 greges
888 1504 904 1523 ,
929 1481 1087 1535 neque
1108 1479 1240 1533 rapta
1264 1461 1449 1535 placent
1478 1461 1720 1516 Mavortia
1743 1462 1874 1536 signa
1901 1500 1915 1518 2

544 1537 743 1589 Exuviae
767 1537 1029 1589 indecores.
1060 1541 1269 1591 Hostem
1295 1578 1307 1595 ‚
1344 1557 1445 1590 non
1479 1538 1588 1590 vilia
1626 1538 1801 1612 quaerit

546 1611 745 1666 Servitia
767 1655 783 1674 ,
812 1612 1046 1666 infamem
1068 1614 1244 1666 censeri
1267 1613 1410 1686 digna
1433 1612 1522 1665 sub
1546 1613 1730 1667 hastam
1765 1634 1774 1661 τ

544 1690 650 1739 Nec
676 1688 844 1758 praedae
867 1689 960 1741 fitis
987 1730 1003 1749 ,
1031 1705 1078 1740 at
1105 1689 1305 1742 laudum
1329 1690 1558 1762 generosa
1582 1689 1761 1762 cupido

543 1766 653 1815 Hos
675 1763 842 1816 illuni
832 1784 881 1815 1n
903 1764 1052 1822 fines,
1085 1782 1232 1838 atque
1258 1764 1390 1817 haec
1378 1784 1427 1817 ln
1450 1763 1571 1819 bella
1594 1766 1802 1820 vocavit.

612 1843 749 1914 Ergo
779 1839 865 1892 tibi
886 1839 1075 1893 alterius
1101 1861 1179 1896 via
1203 1840 1394 1898 laudis,
1427 1842 1694 1905 &,aItera
1723 1846 1924 1897 MAGNE
1944 1882 1967 1902 2

544 1912 666 1967 Alea
698 1916 1055 1986 pertentanda:
1080 1917 1228 1991 fuga
1213 1937 1316 1989 Jam
1351 1915 1668 1970 cessitinermi

542 1993 780 2066 Degener
804 1991 1122 2057 Hollandus,
1146 2012 1249 2045 non
1279 1993 1339 2045 fic
1360 1989 1447 2043 tibi
1467 1994 1667 2047 flumina
1686 1991 1897 2050 cedent,

539 2067 780 2119 Romanis
807 2085 862 2120 ut
886 2069 1190 2143 quondam,
1217 2072 1271 2121 ὃς
1301 2087 1434 2121 nunc
1464 2069 1698 2140 impervia
1725 2068 1912 2121 Francis
1948 2087 1957 2116 ε

539 2140 641 2194 Hic
661 2141 835 2202 labor,
863 2144 960 2198 hoc
987 2146 1132 2198 decus
1154 2147 1232 2199 est
1267 2143 1477 2197 Stimulis
1499 2145 1572 2197 ille
1600 2144 1822 2198 acribus
1812 2160 1941 2197 1ntus

539 2218 816 2278 Accensus,
841 2220 1143 2292 tacitumque
1173 2219 1275 2273 alto
1296 2217 1384 2272 {ub
1405 2224 1608 2293 pec‘tore
1631 2221 1821 2275 versans

543 2294 850 2355 Confilium‚
882 2302 936 2351 δε
960 2295 1152 2367 placidae
1179 2294 1449 2348 subducens
1475 2297 1701 2350 membra
1722 2296 1913 2369 quieti,

541 2370 694 2422 Let?ca
720 2370 879 2426 virum
901 2372 1056 2444 capita
1083 2376 1135 2424 &
1164 2372 1371 2455 primam
1394 2372 1514 2444 rapit
1539 2371 1728 2446 agmina
1758 2372 1922 2428 secum

539 2443 644 2496 Sub
675 2452 919 2509 noetem,
956 2450 1053 2502 dux
1089 2447 1183 2520 ipse
1206 2466 1361 2520 operis
1391 2447 1639 2532 sociusque
1665 2449 1839 2520 pericli.

540 2520 783 2575 Incedunt
806 2524 936 2576 densi
957 2525 1209 2579 ordinibus
1238 2543 1321 2598 per
1342 2544 1489 2607 opaca
1519 2525 1707 2580 viarum
1733 2566 1748 2586 ,

540 2595 718 2653 Incerti
743 2619 846 2672 quo
863 2598 981 2669 juffa
1001 2600 1230 2667 trahant,
1251 2601 1330 2655 sed
1354 2620 1543 2657 vincere
1561 2601 1677 2656 certi
