<?xml version="1.0" encoding="UTF-8"?>
<!DOCTYPE html PUBLIC "-//W3C//DTD XHTML 1.0 Transitional//EN"
    "http://www.w3.org/TR/xhtml1/DTD/xhtml1-transitional.dtd">
<html xmlns="http://www.w3.org/1999/xhtml" xml:lang="en" lang="en">
 <head>
  <title>
</title>
<meta http-equiv="Content-Type" content="text/html;charset=utf-8" />
  <meta name='ocr-system' content='tesseract 3.04.00' />
  <meta name='ocr-capabilities' content='ocr_page ocr_carea ocr_par ocr_line ocrx_word'/>
</head>
<body>
  <div class='ocr_page' id='page_1' title='image "./ruaeiesocietatej00laru_0216.png"; bbox 0 0 2133 3209; ppageno 0'>
   <div class='ocr_carea' id='block_1_1' title="bbox 547 225 1677 286">
    <p class='ocr_par' dir='ltr' id='par_1_1' title="bbox 547 225 1677 286">
     <span class='ocr_line' id='line_1_1' title="bbox 547 225 1677 286; baseline -0.002 -7"><span class='ocrx_word' id='word_1_1' title='bbox 547 239 630 286; x_wconf 79' lang='lat'>196</span> <span class='ocrx_word' id='word_1_2' title='bbox 1021 230 1370 280; x_wconf 85' lang='lat' dir='ltr'>CAROLI</span> <span class='ocrx_word' id='word_1_3' title='bbox 1434 225 1677 282; x_wconf 72' lang='lat' dir='ltr'>RU‘AEI</span> 
     </span>
    </p>
   </div>
   <div class='ocr_carea' id='block_1_2' title="bbox 524 311 1957 2582">
    <p class='ocr_par' dir='ltr' id='par_1_2' title="bbox 531 311 1888 543">
     <span class='ocr_line' id='line_1_2' title="bbox 534 311 1722 388; baseline 0.001 -22"><span class='ocrx_word' id='word_1_4' title='bbox 534 317 641 366; x_wconf 90' lang='lat' dir='ltr'>Aut</span> <span class='ocrx_word' id='word_1_5' title='bbox 666 311 842 366; x_wconf 86' lang='lat' dir='ltr'>fidibus</span> <span class='ocrx_word' id='word_1_6' title='bbox 862 313 1014 385; x_wconf 83' lang='lat' dir='ltr'>parvis</span> <span class='ocrx_word' id='word_1_7' title='bbox 1047 314 1295 368; x_wconf 88' lang='lat' dir='ltr'>interdum</span> <span class='ocrx_word' id='word_1_8' title='bbox 1319 312 1546 388; x_wconf 89' lang='lat' dir='ltr'>hilarique</span> <span class='ocrx_word' id='word_1_9' title='bbox 1567 316 1722 370; x_wconf 88' lang='lat' dir='ltr'>cicuta</span> 
     </span>
     <span class='ocr_line' id='line_1_3' title="bbox 531 388 1888 461; baseline 0 -19"><span class='ocrx_word' id='word_1_10' title='bbox 531 389 720 442; x_wconf 80' lang='lat' dir='ltr'>Luseris</span> <span class='ocrx_word' id='word_1_11' title='bbox 747 416 764 448; x_wconf 87' lang='lat'>,·</span> <span class='ocrx_word' id='word_1_12' title='bbox 789 389 834 440; x_wconf 88' lang='lat' dir='ltr'>in</span> <span class='ocrx_word' id='word_1_13' title='bbox 858 388 1105 454; x_wconf 77' lang='lat' dir='ltr'>volucteS,</span> <span class='ocrx_word' id='word_1_14' title='bbox 1134 407 1188 444; x_wconf 91' lang='lat' dir='ltr'>ut</span> <span class='ocrx_word' id='word_1_15' title='bbox 1213 392 1429 461; x_wconf 87' lang='lat' dir='ltr'>primum</span> <span class='ocrx_word' id='word_1_16' title='bbox 1456 394 1520 444; x_wconf 89' lang='lat' dir='ltr'>est</span> <span class='ocrx_word' id='word_1_17' title='bbox 1540 392 1721 449; x_wconf 87' lang='lat' dir='ltr'>editus,</span> <span class='ocrx_word' id='word_1_18' title='bbox 1750 407 1888 444; x_wconf 86' lang='lat' dir='ltr'>auras</span> 
     </span>
     <span class='ocr_line' id='line_1_4' title="bbox 533 464 1641 543; baseline 0.004 -26"><span class='ocrx_word' id='word_1_19' title='bbox 533 464 824 539; x_wconf 74' lang='lat' dir='ltr'>Qiamlibet</span> <span class='ocrx_word' id='word_1_20' title='bbox 846 465 1000 540; x_wconf 87' lang='lat' dir='ltr'>arguti</span> <span class='ocrx_word' id='word_1_21' title='bbox 1029 466 1239 521; x_wconf 86' lang='lat' dir='ltr'>vanescit</span> <span class='ocrx_word' id='word_1_22' title='bbox 1263 467 1417 543; x_wconf 81' lang='lat' dir='ltr'>gratia</span> <span class='ocrx_word' id='word_1_23' title='bbox 1447 484 1641 521; x_wconf 75' lang='lat' dir='ltr'>cantust</span> 
     </span>
    </p>

    <p class='ocr_par' dir='ltr' id='par_1_3' title="bbox 531 539 1919 767">
     <span class='ocr_line' id='line_1_5' title="bbox 533 539 1676 617; baseline 0.003 -24"><span class='ocrx_word' id='word_1_24' title='bbox 533 545 626 593; x_wconf 85' lang='lat' dir='ltr'>Seu</span> <span class='ocrx_word' id='word_1_25' title='bbox 647 539 829 593; x_wconf 86' lang='lat' dir='ltr'>levibus</span> <span class='ocrx_word' id='word_1_26' title='bbox 852 539 975 593; x_wconf 91' lang='lat' dir='ltr'>foliis</span> <span class='ocrx_word' id='word_1_27' title='bbox 992 583 1010 603; x_wconf 82' lang='lat'><em>,</em></span> <span class='ocrx_word' id='word_1_28' title='bbox 1035 543 1285 617; x_wconf 81' lang='lat' dir='ltr'>fragilique</span> <span class='ocrx_word' id='word_1_29' title='bbox 1308 542 1463 596; x_wconf 87' lang='lat' dir='ltr'>soluta</span> <span class='ocrx_word' id='word_1_30' title='bbox 1492 561 1676 616; x_wconf 84' lang='lat' dir='ltr'>papyro</span> 
     </span>
     <span class='ocr_line' id='line_1_6' title="bbox 531 615 1919 693; baseline 0.002 -25"><span class='ocrx_word' id='word_1_31' title='bbox 531 615 760 668; x_wconf 84' lang='lat' dir='ltr'>Carmina</span> <span class='ocrx_word' id='word_1_32' title='bbox 784 615 1068 674; x_wconf 57' lang='lat' dir='ltr'>crediderim</span> <span class='ocrx_word' id='word_1_33' title='bbox 1094 638 1255 693; x_wconf 86' lang='lat' dir='ltr'>neque</span> <span class='ocrx_word' id='word_1_34' title='bbox 1281 620 1343 672; x_wconf 80' lang='lat' dir='ltr'>sic</span> <span class='ocrx_word' id='word_1_35' title='bbox 1364 635 1448 672; x_wconf 89' lang='lat' dir='ltr'>tua</span> <span class='ocrx_word' id='word_1_36' title='bbox 1471 618 1684 672; x_wconf 87' lang='lat' dir='ltr'>carmina</span> <span class='ocrx_word' id='word_1_37' title='bbox 1712 617 1919 683; x_wconf 61' lang='lat' dir='ltr'>durent]</span> 
     </span>
     <span class='ocr_line' id='line_1_7' title="bbox 532 690 1606 767; baseline 0.005 -24"><span class='ocrx_word' id='word_1_38' title='bbox 532 690 729 743; x_wconf 82' lang='lat' dir='ltr'>Credita</span> <span class='ocrx_word' id='word_1_39' title='bbox 756 710 843 745; x_wconf 87' lang='lat' dir='ltr'>nec</span> <span class='ocrx_word' id='word_1_40' title='bbox 867 692 991 746; x_wconf 88' lang='lat' dir='ltr'>foliis</span> <span class='ocrx_word' id='word_1_41' title='bbox 1021 693 1199 748; x_wconf 90' lang='lat' dir='ltr'>durent</span> <span class='ocrx_word' id='word_1_42' title='bbox 1226 693 1368 748; x_wconf 84' lang='lat' dir='ltr'>effata</span> <span class='ocrx_word' id='word_1_43' title='bbox 1398 693 1606 767; x_wconf 83' lang='lat' dir='ltr'>Sibyllae.</span> 
     </span>
    </p>

    <p class='ocr_par' dir='ltr' id='par_1_4' title="bbox 529 767 1923 1220">
     <span class='ocr_line' id='line_1_8' title="bbox 605 767 1823 838; baseline 0.004 -19"><span class='ocrx_word' id='word_1_44' title='bbox 605 767 696 819; x_wconf 82' lang='lat' dir='ltr'>Vis</span> <span class='ocrx_word' id='word_1_45' title='bbox 722 786 927 838; x_wconf 88' lang='lat' dir='ltr'>operum</span> <span class='ocrx_word' id='word_1_46' title='bbox 950 769 1094 823; x_wconf 88' lang='lat' dir='ltr'>decus</span> <span class='ocrx_word' id='word_1_47' title='bbox 1123 769 1403 825; x_wconf 82' lang='lat' dir='ltr'>immemori</span> <span class='ocrx_word' id='word_1_48' title='bbox 1429 769 1696 823; x_wconf 89' lang='lat' dir='ltr'>subducere</span> <span class='ocrx_word' id='word_1_49' title='bbox 1721 771 1823 824; x_wconf 89' lang='lat' dir='ltr'>leto</span> 
     </span>
     <span class='ocr_line' id='line_1_9' title="bbox 529 841 1923 920; baseline 0.006 -28"><span class='ocrx_word' id='word_1_50' title='bbox 529 844 646 911; x_wconf 83' lang='lat' dir='ltr'>Qa</span> <span class='ocrx_word' id='word_1_51' title='bbox 672 841 807 900; x_wconf 85' lang='lat' dir='ltr'>licet,</span> <span class='ocrx_word' id='word_1_52' title='bbox 831 843 979 916; x_wconf 89' lang='lat' dir='ltr'>inque</span> <span class='ocrx_word' id='word_1_53' title='bbox 1002 865 1184 901; x_wconf 86' lang='lat' dir='ltr'>novam</span> <span class='ocrx_word' id='word_1_54' title='bbox 1205 847 1313 919; x_wconf 84' lang='lat' dir='ltr'>post</span> <span class='ocrx_word' id='word_1_55' title='bbox 1343 847 1440 900; x_wconf 87' lang='lat' dir='ltr'>fata</span> <span class='ocrx_word' id='word_1_56' title='bbox 1464 848 1711 920; x_wconf 81' lang='lat' dir='ltr'>resurgere</span> <span class='ocrx_word' id='word_1_57' title='bbox 1731 846 1888 901; x_wconf 88' lang='lat' dir='ltr'>lucem</span> <span class='ocrx_word' id='word_1_58' title='bbox 1903 847 1923 908; x_wconf 57' lang='grc' dir='ltr'>ἓ,</span> 
     </span>
     <span class='ocr_line' id='line_1_10' title="bbox 529 916 1731 992; baseline 0.004 -22"><span class='ocrx_word' id='word_1_59' title='bbox 529 916 719 992; x_wconf 81' lang='lat' dir='ltr'>Collige</span> <span class='ocrx_word' id='word_1_60' title='bbox 743 917 968 990; x_wconf 84' lang='lat' dir='ltr'>dispersos</span> <span class='ocrx_word' id='word_1_61' title='bbox 990 939 1074 992; x_wconf 85' lang='lat' dir='ltr'>per</span> <span class='ocrx_word' id='word_1_62' title='bbox 1095 937 1172 974; x_wconf 90' lang='lat' dir='ltr'>tot</span> <span class='ocrx_word' id='word_1_63' title='bbox 1198 921 1285 974; x_wconf 88' lang='lat' dir='ltr'>tibi</span> <span class='ocrx_word' id='word_1_64' title='bbox 1309 939 1531 992; x_wconf 82' lang='lat' dir='ltr'>tempora</span> <span class='ocrx_word' id='word_1_65' title='bbox 1554 922 1731 981; x_wconf 83' lang='lat' dir='ltr'>foetus,</span> 
     </span>
     <span class='ocr_line' id='line_1_11' title="bbox 529 992 1699 1070; baseline 0.005 -26"><span class='ocrx_word' id='word_1_66' title='bbox 529 992 723 1068; x_wconf 80' lang='lat' dir='ltr'>Collige</span> <span class='ocrx_word' id='word_1_67' title='bbox 748 1014 758 1041; x_wconf 75' lang='grc' dir='ltr'><strong><em>ε</em></strong></span> <span class='ocrx_word' id='word_1_68' title='bbox 785 996 897 1047; x_wconf 90' lang='lat' dir='ltr'>sunt</span> <span class='ocrx_word' id='word_1_69' title='bbox 922 1012 1029 1049; x_wconf 86' lang='lat' dir='ltr'>tota</span> <span class='ocrx_word' id='word_1_70' title='bbox 1057 996 1279 1069; x_wconf 80' lang='lat' dir='ltr'>spirantia</span> <span class='ocrx_word' id='word_1_71' title='bbox 1309 997 1499 1050; x_wconf 84' lang='lat' dir='ltr'>mollius</span> <span class='ocrx_word' id='word_1_72' title='bbox 1526 996 1699 1070; x_wconf 85' lang='lat' dir='ltr'>Hybla</span> 
     </span>
     <span class='ocr_line' id='line_1_12' title="bbox 531 1069 1669 1126; baseline 0.002 -5"><span class='ocrx_word' id='word_1_73' title='bbox 531 1069 766 1122; x_wconf 84' lang='lat' dir='ltr'>Carmina</span> <span class='ocrx_word' id='word_1_74' title='bbox 796 1070 936 1123; x_wconf 86' lang='lat' dir='ltr'>:sunt</span> <span class='ocrx_word' id='word_1_75' title='bbox 964 1072 1102 1126; x_wconf 84' lang='lat' dir='ltr'>lauro</span> <span class='ocrx_word' id='word_1_76' title='bbox 1124 1073 1263 1126; x_wconf 86' lang='lat' dir='ltr'>toties</span> <span class='ocrx_word' id='word_1_77' title='bbox 1287 1073 1469 1126; x_wconf 88' lang='lat' dir='ltr'>donata</span> <span class='ocrx_word' id='word_1_78' title='bbox 1492 1071 1669 1124; x_wconf 90' lang='lat' dir='ltr'>recenti</span> 
     </span>
     <span class='ocr_line' id='line_1_13' title="bbox 529 1143 1723 1220; baseline 0.003 -23"><span class='ocrx_word' id='word_1_79' title='bbox 529 1143 814 1218; x_wconf 83' lang='lat' dir='ltr'>Virgineam</span> <span class='ocrx_word' id='word_1_80' title='bbox 840 1149 1030 1220; x_wconf 88' lang='lat' dir='ltr'>quoties</span> <span class='ocrx_word' id='word_1_81' title='bbox 1053 1149 1239 1202; x_wconf 90' lang='lat' dir='ltr'>certasti</span> <span class='ocrx_word' id='word_1_82' title='bbox 1261 1148 1470 1204; x_wconf 68' lang='lat' dir='ltr'>invictus</span> <span class='ocrx_word' id='word_1_83' title='bbox 1492 1146 1552 1201; x_wconf 89' lang='lat' dir='ltr'>ad</span> <span class='ocrx_word' id='word_1_84' title='bbox 1572 1166 1723 1201; x_wconf 87' lang='lat' dir='ltr'>aram.</span> 
     </span>
    </p>

    <p class='ocr_par' dir='ltr' id='par_1_5' title="bbox 528 1220 1775 1373">
     <span class='ocr_line' id='line_1_14' title="bbox 532 1220 1775 1300; baseline 0.002 -27"><span class='ocrx_word' id='word_1_85' title='bbox 532 1222 657 1273; x_wconf 89' lang='lat' dir='ltr'>Sunt</span> <span class='ocrx_word' id='word_1_86' title='bbox 682 1220 857 1294; x_wconf 88' lang='lat' dir='ltr'>quibus</span> <span class='ocrx_word' id='word_1_87' title='bbox 884 1226 936 1274; x_wconf 83' lang='lat'>&amp;</span> <span class='ocrx_word' id='word_1_88' title='bbox 970 1224 1101 1277; x_wconf 82' lang='lat' dir='ltr'>coelo</span> <span class='ocrx_word' id='word_1_89' title='bbox 1126 1225 1309 1300; x_wconf 85' lang='lat' dir='ltr'>gaudet</span> <span class='ocrx_word' id='word_1_90' title='bbox 1337 1224 1555 1283; x_wconf 79' lang='lat' dir='ltr'>Salefiu3‚</span> <span class='ocrx_word' id='word_1_91' title='bbox 1581 1226 1636 1275; x_wconf 84' lang='lat'>&amp;</span> <span class='ocrx_word' id='word_1_92' title='bbox 1668 1242 1775 1295; x_wconf 73' lang='lat' dir='ltr'>quae</span> 
     </span>
     <span class='ocr_line' id='line_1_15' title="bbox 528 1297 1763 1373; baseline 0.002 -26"><span class='ocrx_word' id='word_1_93' title='bbox 528 1297 697 1349; x_wconf 88' lang='lat' dir='ltr'>Roma</span> <span class='ocrx_word' id='word_1_94' title='bbox 719 1297 893 1368; x_wconf 87' lang='lat' dir='ltr'>probet</span> <span class='ocrx_word' id='word_1_95' title='bbox 922 1318 930 1344; x_wconf 78' lang='grc' dir='ltr'><em>τ</em></span> <span class='ocrx_word' id='word_1_96' title='bbox 959 1319 1062 1353; x_wconf 88' lang='lat' dir='ltr'>non</span> <span class='ocrx_word' id='word_1_97' title='bbox 1082 1299 1184 1354; x_wconf 88' lang='lat' dir='ltr'>haec</span> <span class='ocrx_word' id='word_1_98' title='bbox 1206 1299 1386 1373; x_wconf 84' lang='lat' dir='ltr'>patrios</span> <span class='ocrx_word' id='word_1_99' title='bbox 1410 1298 1561 1353; x_wconf 90' lang='lat' dir='ltr'>oblita</span> <span class='ocrx_word' id='word_1_100' title='bbox 1581 1298 1763 1371; x_wconf 87' lang='lat' dir='ltr'>lepores</span> 
     </span>
    </p>

    <p class='ocr_par' dir='ltr' id='par_1_6' title="bbox 528 1371 1957 1520">
     <span class='ocr_line' id='line_1_16' title="bbox 528 1371 1957 1449; baseline 0.003 -27"><span class='ocrx_word' id='word_1_101' title='bbox 528 1374 692 1423; x_wconf 83' lang='lat' dir='ltr'>Roma</span> <span class='ocrx_word' id='word_1_102' title='bbox 717 1392 730 1426; x_wconf 77' lang='lat'>5</span> <span class='ocrx_word' id='word_1_103' title='bbox 754 1373 833 1426; x_wconf 84' lang='lat' dir='ltr'>sed</span> <span class='ocrx_word' id='word_1_104' title='bbox 856 1374 932 1426; x_wconf 90' lang='lat' dir='ltr'>illa</span> <span class='ocrx_word' id='word_1_105' title='bbox 959 1392 1126 1436; x_wconf 74' lang='lat' dir='ltr'>vetuS,</span> <span class='ocrx_word' id='word_1_106' title='bbox 1152 1380 1467 1449; x_wconf 85' lang='lat' dir='ltr'>Martemque</span> <span class='ocrx_word' id='word_1_107' title='bbox 1494 1379 1548 1426; x_wconf 87' lang='lat'>&amp;</span> <span class='ocrx_word' id='word_1_108' title='bbox 1576 1373 1768 1427; x_wconf 86' lang='lat' dir='ltr'>Pallada</span> <span class='ocrx_word' id='word_1_109' title='bbox 1797 1371 1957 1426; x_wconf 86' lang='lat' dir='ltr'>sollers</span> 
     </span>
     <span class='ocr_line' id='line_1_17' title="bbox 530 1444 1696 1520; baseline 0.003 -23"><span class='ocrx_word' id='word_1_110' title='bbox 530 1444 557 1497; x_wconf 83' lang='lat' dir='ltr'>J</span> <span class='ocrx_word' id='word_1_111' title='bbox 563 1466 740 1520; x_wconf 81' lang='lat' dir='ltr'>ungere</span> <span class='ocrx_word' id='word_1_112' title='bbox 756 1488 768 1506; x_wconf 91' lang='lat'>,</span> <span class='ocrx_word' id='word_1_113' title='bbox 793 1449 1058 1504; x_wconf 80' lang='lat' dir='ltr'>Caesaribus</span> <span class='ocrx_word' id='word_1_114' title='bbox 1079 1450 1256 1504; x_wconf 82' lang='lat' dir='ltr'>mixtos</span> <span class='ocrx_word' id='word_1_115' title='bbox 1285 1451 1420 1504; x_wconf 88' lang='lat' dir='ltr'>enixa</span> <span class='ocrx_word' id='word_1_116' title='bbox 1448 1451 1696 1503; x_wconf 75' lang='lat' dir='ltr'>Marones,</span> 
     </span>
    </p>

    <p class='ocr_par' dir='ltr' id='par_1_7' title="bbox 528 1523 1934 1900">
     <span class='ocr_line' id='line_1_18' title="bbox 529 1523 1773 1600; baseline 0.002 -26"><span class='ocrx_word' id='word_1_117' title='bbox 529 1523 676 1574; x_wconf 84' lang='lat' dir='ltr'>Adde</span> <span class='ocrx_word' id='word_1_118' title='bbox 695 1523 872 1596; x_wconf 85' lang='lat' dir='ltr'>quibus</span> <span class='ocrx_word' id='word_1_119' title='bbox 896 1526 1055 1579; x_wconf 88' lang='lat' dir='ltr'>natale</span> <span class='ocrx_word' id='word_1_120' title='bbox 1081 1526 1265 1585; x_wconf 85' lang='lat' dir='ltr'>solum,</span> <span class='ocrx_word' id='word_1_121' title='bbox 1290 1527 1551 1600; x_wconf 67' lang='lat' dir='ltr'>doctaeque</span> <span class='ocrx_word' id='word_1_122' title='bbox 1568 1526 1773 1578; x_wconf 87' lang='lat' dir='ltr'>feracem</span> 
     </span>
     <span class='ocr_line' id='line_1_19' title="bbox 530 1598 1783 1674; baseline 0.001 -24"><span class='ocrx_word' id='word_1_123' title='bbox 530 1598 712 1656; x_wconf 90' lang='lat' dir='ltr'>Prolis,</span> <span class='ocrx_word' id='word_1_124' title='bbox 739 1602 791 1650; x_wconf 82' lang='lat'>&amp;</span> <span class='ocrx_word' id='word_1_125' title='bbox 816 1601 1044 1674; x_wconf 86' lang='lat' dir='ltr'>antiquos</span> <span class='ocrx_word' id='word_1_126' title='bbox 1072 1602 1325 1655; x_wconf 88' lang='lat' dir='ltr'>tollentem</span> <span class='ocrx_word' id='word_1_127' title='bbox 1354 1603 1415 1655; x_wconf 84' lang='lat' dir='ltr'>ad</span> <span class='ocrx_word' id='word_1_128' title='bbox 1438 1603 1586 1655; x_wconf 79' lang='lat' dir='ltr'>sidera</span> <span class='ocrx_word' id='word_1_129' title='bbox 1614 1617 1783 1654; x_wconf 83' lang='lat' dir='ltr'>muros</span> 
     </span>
     <span class='ocr_line' id='line_1_20' title="bbox 528 1673 1934 1750; baseline 0.004 -26"><span class='ocrx_word' id='word_1_130' title='bbox 528 1674 758 1726; x_wconf 82' lang='lat' dir='ltr'>Laudasti</span> <span class='ocrx_word' id='word_1_131' title='bbox 786 1676 1073 1730; x_wconf 84' lang='lat' dir='ltr'>Cadomum</span> <span class='ocrx_word' id='word_1_132' title='bbox 1095 1698 1110 1738; x_wconf 83' lang='lat'>3</span> <span class='ocrx_word' id='word_1_133' title='bbox 1137 1676 1313 1750; x_wconf 84' lang='lat' dir='ltr'>quibus</span> <span class='ocrx_word' id='word_1_134' title='bbox 1337 1680 1393 1728; x_wconf 62' lang='lat' dir='ltr'>&amp;a</span> <span class='ocrx_word' id='word_1_135' title='bbox 1416 1676 1653 1731; x_wconf 80' lang='lat' dir='ltr'>Valclinia</span> <span class='ocrx_word' id='word_1_136' title='bbox 1680 1673 1934 1749; x_wconf 85' lang='lat' dir='ltr'>quondam</span> 
     </span>
     <span class='ocr_line' id='line_1_21' title="bbox 530 1750 1682 1826; baseline 0.006 -28"><span class='ocrx_word' id='word_1_137' title='bbox 530 1751 662 1801; x_wconf 86' lang='lat' dir='ltr'>Rura</span> <span class='ocrx_word' id='word_1_138' title='bbox 695 1769 703 1796; x_wconf 90' lang='lat'><strong>:</strong></span> <span class='ocrx_word' id='word_1_139' title='bbox 733 1750 911 1823; x_wconf 82' lang='lat' dir='ltr'>quibus</span> <span class='ocrx_word' id='word_1_140' title='bbox 938 1751 1093 1804; x_wconf 87' lang='lat' dir='ltr'>senior</span> <span class='ocrx_word' id='word_1_141' title='bbox 1117 1751 1317 1826; x_wconf 85' lang='lat' dir='ltr'>juvenili</span> <span class='ocrx_word' id='word_1_142' title='bbox 1340 1753 1544 1825; x_wconf 87' lang='lat' dir='ltr'>percitus</span> <span class='ocrx_word' id='word_1_143' title='bbox 1568 1754 1682 1805; x_wconf 86' lang='lat' dir='ltr'>aestu</span> 
     </span>
     <span class='ocr_line' id='line_1_22' title="bbox 529 1823 1660 1900; baseline 0.004 -25"><span class='ocrx_word' id='word_1_144' title='bbox 529 1823 804 1898; x_wconf 85' lang='lat' dir='ltr'>Alloqueris</span> <span class='ocrx_word' id='word_1_145' title='bbox 835 1827 994 1881; x_wconf 87' lang='lat' dir='ltr'>dulces</span> <span class='ocrx_word' id='word_1_146' title='bbox 1020 1844 1104 1881; x_wconf 89' lang='lat' dir='ltr'>aut</span> <span class='ocrx_word' id='word_1_147' title='bbox 1125 1827 1243 1900; x_wconf 81' lang='lat' dir='ltr'>saepe</span> <span class='ocrx_word' id='word_1_148' title='bbox 1271 1827 1441 1882; x_wconf 76' lang='lat' dir='ltr'>laceffis</span> <span class='ocrx_word' id='word_1_149' title='bbox 1466 1829 1660 1882; x_wconf 36' lang='lat' dir='ltr'>amicost</span> 
     </span>
    </p>

    <p class='ocr_par' dir='ltr' id='par_1_8' title="bbox 524 1901 1915 2582">
     <span class='ocr_line' id='line_1_23' title="bbox 605 1901 1868 1976; baseline 0 -22"><span class='ocrx_word' id='word_1_150' title='bbox 605 1902 695 1954; x_wconf 84' lang='lat' dir='ltr'>His</span> <span class='ocrx_word' id='word_1_151' title='bbox 715 1901 837 1955; x_wconf 87' lang='lat' dir='ltr'>adeo</span> <span class='ocrx_word' id='word_1_152' title='bbox 863 1903 1042 1972; x_wconf 61' lang='lat' dir='ltr'>junctis</span> <span class='ocrx_word' id='word_1_153' title='bbox 1066 1904 1245 1957; x_wconf 87' lang='lat' dir='ltr'>famam</span> <span class='ocrx_word' id='word_1_154' title='bbox 1267 1904 1548 1962; x_wconf 87' lang='lat' dir='ltr'>committe,</span> <span class='ocrx_word' id='word_1_155' title='bbox 1579 1921 1738 1976; x_wconf 89' lang='lat' dir='ltr'>neque</span> <span class='ocrx_word' id='word_1_156' title='bbox 1768 1901 1868 1956; x_wconf 92' lang='lat' dir='ltr'>ullo</span> 
     </span>
     <span class='ocr_line' id='line_1_24' title="bbox 526 1975 1627 2052; baseline 0.005 -25"><span class='ocrx_word' id='word_1_157' title='bbox 526 1975 667 2028; x_wconf 81' lang='lat' dir='ltr'>Posse</span> <span class='ocrx_word' id='word_1_158' title='bbox 689 1994 823 2049; x_wconf 87' lang='lat' dir='ltr'>putes</span> <span class='ocrx_word' id='word_1_159' title='bbox 850 1979 984 2031; x_wconf 86' lang='lat' dir='ltr'>annis</span> <span class='ocrx_word' id='word_1_160' title='bbox 1004 1979 1298 2052; x_wconf 84' lang='lat' dir='ltr'>rapientibus</span> <span class='ocrx_word' id='word_1_161' title='bbox 1324 1977 1463 2032; x_wconf 89' lang='lat' dir='ltr'>obice</span> <span class='ocrx_word' id='word_1_162' title='bbox 1486 1978 1627 2032; x_wconf 89' lang='lat' dir='ltr'>molis</span> 
     </span>
     <span class='ocr_line' id='line_1_25' title="bbox 529 2051 1681 2128; baseline 0.004 -26"><span class='ocrx_word' id='word_1_163' title='bbox 529 2051 704 2105; x_wconf 84' lang='lat' dir='ltr'>Tutius</span> <span class='ocrx_word' id='word_1_164' title='bbox 730 2054 908 2110; x_wconf 78' lang='lat' dir='ltr'>obfisti.</span> <span class='ocrx_word' id='word_1_165' title='bbox 941 2055 1150 2108; x_wconf 88' lang='lat' dir='ltr'>Stabunt</span> <span class='ocrx_word' id='word_1_166' title='bbox 1176 2055 1409 2112; x_wconf 85' lang='lat' dir='ltr'>immota,</span> <span class='ocrx_word' id='word_1_167' title='bbox 1439 2073 1681 2128; x_wconf 86' lang='lat' dir='ltr'>tuumque</span> 
     </span>
     <span class='ocr_line' id='line_1_26' title="bbox 525 2129 1765 2203; baseline 0.002 -24"><span class='ocrx_word' id='word_1_168' title='bbox 525 2129 732 2181; x_wconf 86' lang='lat' dir='ltr'>Nomen</span> <span class='ocrx_word' id='word_1_169' title='bbox 756 2130 881 2202; x_wconf 85' lang='lat' dir='ltr'>apud</span> <span class='ocrx_word' id='word_1_170' title='bbox 907 2131 1032 2184; x_wconf 88' lang='lat' dir='ltr'>seros</span> <span class='ocrx_word' id='word_1_171' title='bbox 1055 2131 1214 2184; x_wconf 76' lang='lat' dir='ltr'>sistent</span> <span class='ocrx_word' id='word_1_172' title='bbox 1237 2148 1321 2184; x_wconf 87' lang='lat' dir='ltr'>tua</span> <span class='ocrx_word' id='word_1_173' title='bbox 1345 2132 1514 2203; x_wconf 84' lang='lat' dir='ltr'>scripta</span> <span class='ocrx_word' id='word_1_174' title='bbox 1539 2148 1765 2202; x_wconf 87' lang='lat' dir='ltr'>nepotes:</span> 
     </span>
     <span class='ocr_line' id='line_1_27' title="bbox 528 2202 1915 2279; baseline 0.001 -23"><span class='ocrx_word' id='word_1_175' title='bbox 528 2205 934 2279; x_wconf 82' lang='lat' dir='ltr'>Praestabuntque</span> <span class='ocrx_word' id='word_1_176' title='bbox 953 2207 1130 2268; x_wconf 89' lang='lat' dir='ltr'>fidem,</span> <span class='ocrx_word' id='word_1_177' title='bbox 1159 2226 1306 2279; x_wconf 87' lang='lat' dir='ltr'>quam</span> <span class='ocrx_word' id='word_1_178' title='bbox 1328 2225 1418 2259; x_wconf 89' lang='lat' dir='ltr'>nec</span> <span class='ocrx_word' id='word_1_179' title='bbox 1441 2205 1711 2260; x_wconf 86' lang='lat' dir='ltr'>Cadomaea</span> <span class='ocrx_word' id='word_1_180' title='bbox 1730 2202 1915 2278; x_wconf 85' lang='lat' dir='ltr'>parenti</span> 
     </span>
     <span class='ocr_line' id='line_1_28' title="bbox 524 2280 1628 2356; baseline 0.004 -26"><span class='ocrx_word' id='word_1_181' title='bbox 524 2281 719 2332; x_wconf 74' lang='lat' dir='ltr'>Moenia</span> <span class='ocrx_word' id='word_1_182' title='bbox 740 2283 986 2337; x_wconf 85' lang='lat' dir='ltr'>servavere</span> <span class='ocrx_word' id='word_1_183' title='bbox 1004 2325 1016 2345; x_wconf 85' lang='lat'>‚</span> <span class='ocrx_word' id='word_1_184' title='bbox 1039 2283 1066 2334; x_wconf 90' lang='lat' dir='ltr'>s</span> <span class='ocrx_word' id='word_1_185' title='bbox 1063 2282 1132 2335; x_wconf 88' lang='lat' dir='ltr'>uis</span> <span class='ocrx_word' id='word_1_186' title='bbox 1162 2302 1316 2354; x_wconf 86' lang='lat' dir='ltr'>neque</span> <span class='ocrx_word' id='word_1_187' title='bbox 1340 2280 1530 2356; x_wconf 79' lang='lat' dir='ltr'>regibus</span> <span class='ocrx_word' id='word_1_188' title='bbox 1549 2282 1628 2334; x_wconf 88' lang='lat' dir='ltr'>alti</span> 
     </span>
     <span class='ocr_line' id='line_1_29' title="bbox 526 2356 1745 2423; baseline 0.007 -18"><span class='ocrx_word' id='word_1_189' title='bbox 526 2356 841 2423; x_wconf 63' lang='lat' dir='ltr'>Pyramidum</span> <span class='ocrx_word' id='word_1_190' title='bbox 863 2358 1041 2411; x_wconf 87' lang='lat' dir='ltr'>cumuli</span> <span class='ocrx_word' id='word_1_191' title='bbox 1065 2379 1074 2406; x_wconf 75' lang='grc' dir='ltr'>ε</span> <span class='ocrx_word' id='word_1_192' title='bbox 1104 2375 1178 2411; x_wconf 87' lang='lat' dir='ltr'>tot</span> <span class='ocrx_word' id='word_1_193' title='bbox 1207 2358 1289 2412; x_wconf 87' lang='lat' dir='ltr'>ubi</span> <span class='ocrx_word' id='word_1_194' title='bbox 1313 2356 1604 2411; x_wconf 88' lang='lat' dir='ltr'>solemnibus</span> <span class='ocrx_word' id='word_1_195' title='bbox 1626 2356 1745 2414; x_wconf 89' lang='lat' dir='ltr'>olim</span> 
     </span>
     <span class='ocr_line' id='line_1_30' title="bbox 529 2433 1665 2506; baseline 0.003 -25"><span class='ocrx_word' id='word_1_196' title='bbox 529 2433 807 2506; x_wconf 60' lang='lat' dir='ltr'>Oi‘t³3tiqtle</span> <span class='ocrx_word' id='word_1_197' title='bbox 833 2435 975 2487; x_wconf 65' lang='lat' dir='ltr'>duces</span> <span class='ocrx_word' id='word_1_198' title='bbox 1009 2435 1154 2488; x_wconf 85' lang='lat' dir='ltr'>titulis</span> <span class='ocrx_word' id='word_1_199' title='bbox 1176 2438 1228 2486; x_wconf 84' lang='lat'>&amp;</span> <span class='ocrx_word' id='word_1_200' title='bbox 1256 2433 1479 2488; x_wconf 86' lang='lat' dir='ltr'>laudibus</span> <span class='ocrx_word' id='word_1_201' title='bbox 1508 2433 1665 2493; x_wconf 62' lang='lat' dir='ltr'>aucti,</span> 
     </span>
     <span class='ocr_line' id='line_1_31' title="bbox 525 2507 1759 2582; baseline 0.007 -25"><span class='ocrx_word' id='word_1_202' title='bbox 525 2507 829 2565; x_wconf 43' lang='lat' dir='ltr'>Janidadum</span> <span class='ocrx_word' id='word_1_203' title='bbox 856 2512 982 2565; x_wconf 80' lang='lat' dir='ltr'>taciti</span> <span class='ocrx_word' id='word_1_204' title='bbox 1013 2528 1149 2567; x_wconf 87' lang='lat' dir='ltr'>muta</span> <span class='ocrx_word' id='word_1_205' title='bbox 1172 2511 1297 2564; x_wconf 85' lang='lat' dir='ltr'>inter</span> <span class='ocrx_word' id='word_1_206' title='bbox 1327 2512 1434 2563; x_wconf 78' lang='lat' dir='ltr'>saxa</span> <span class='ocrx_word' id='word_1_207' title='bbox 1452 2509 1759 2582; x_wconf 77' lang='lat' dir='ltr'>premuntur.=</span> 
     </span>
    </p>
   </div>
  </div>
 </body>
</html>
