2133 3209
439 228 713 279 CYRUS
783 224 1323 279 TRAGOEDIA:
1574 248 1631 288 97

138 316 248 385 Cyr.
271 306 515 383 Fugitive,
535 308 687 363 vincla
707 308 875 361 deseris
891 310 1070 382 &Avf
1091 313 1357 382 Postquam
1381 312 1636 385 Harpagus

134 377 262 438 Mihi
286 383 435 440 vincla
455 383 611 439 solvit.
649 392 693 439 C
681 406 758 464 yr.
789 384 961 438 Vincla
982 384 1069 437 tibi
1099 403 1274 457 nempe
1298 387 1556 459 Harpagus

133 461 353 516 Resolvit
368 465 393 512 ,2
411 458 636 514 Ubinam
655 464 718 513 est
734 460 841 531 ipse.
869 461 1274 533 AfflMedorum
1296 459 1343 511 in
1366 480 1528 515 manu.

132 536 300 590 Palm.
325 536 554 588 Desertus
577 552 586 587 z
613 535 884 590 indefensus
910 552 919 586 ε
946 539 1076 610 A's
1089 538 1228 590 Hinc
1244 535 1382 590 celeri
1403 535 1518 610 fuga

131 609 417 666 Subduelms
432 651 444 669 ‚
478 611 607 664 ultro
630 611 818 664 deditus
834 652 852 673 ,
873 626 1051 664 certam
1070 612 1120 662 in
1142 632 1312 666 necem

132 690 316 758 Sponte
335 686 429 758 ipse
452 687 610 739 studio
628 687 750 758 pacis
770 685 998 755 objiciens
1019 705 1186 759 caput,

130 766 220 816 Me
245 762 439 816 comite.
472 766 588 835 Ast.
614 767 702 814 Me
720 761 945 831 jubente,
973 782 1054 815 me
1076 763 1195 816 faeti
1216 762 1419 818 arbitro.

129 838 329 893 Mand.
358 841 410 891 O
432 838 579 913 rigida
605 836 756 893 virtus
781 837 991 892 hominis
1015 854 1025 889 ε
1051 840 1218 895 Palm.
1244 843 1294 892 O
1314 859 1497 915 magno
1517 838 1637 895 mihi

128 913 401 985 Redempta
425 913 582 986 pretio
604 915 795 968 Persicae
820 913 979 988 gentis
1001 915 1161 987 quies!

130 993 246 1065 Cyr.
270 992 319 1042 O
339 990 501 1043 saneta
520 989 697 1062 pietas!
713 995 838 1045 Aff.
864 993 913 1043 O
938 991 1286 1063 triumphalem
1310 993 1469 1046 diem!

129 1067 181 1116 O
201 1065 463 1135 nuptialem
479 1084 491 1123 ,ν
506 1069 618 1119 Duc
643 1085 728 1141 age
751 1066 800 1117 in
819 1065 1058 1138 templum
1080 1066 1276 1134 choros*

129 1138 245 1191 Tibi
260 1140 334 1192 ille
354 1160 437 1212 per
457 1158 533 1194 tot
556 1140 676 1194 bella
693 1142 923 1213 repetitus
951 1159 1112 1215 pater,

127 1213 284 1269 Nunc
303 1215 420 1269 liber
435 1258 448 1279 ‚
474 1216 632 1270 alacris
649 1257 663 1276 ‚
687 1217 781 1288 ipse
802 1217 1070 1291 Cambyses
1090 1220 1230 1275 redit.

128 1293 220 1342 Eat
238 1289 339 1361 ejus
360 1291 497 1345 obses
528 1295 811 1366 HarpaguS,
831 1292 989 1345 farum
1009 1294 1231 1365 impleat,

128 1368 197 1419 Et
222 1368 450 1421 omnium
474 1387 577 1421 uno
592 1367 640 1420 in
657 1368 809 1441 capite
830 1367 1070 1440 plecstatur
1089 1371 1254 1425 scelus,

132 1447 178 1495 C
165 1462 247 1517 yr.
268 1447 448 1502 Arma,
469 1462 602 1496 arma
621 1443 755 1497 miles
776 1465 786 1494 ι
809 1442 1028 1515 praelium
1045 1445 1153 1499 litui
1174 1448 1441 1519 increpent:

129 1516 382 1571 Effundite
403 1518 553 1572 aciem
580 1539 778 1592 campo,
803 1522 857 1570 &
880 1519 1133 1575 incautum
1166 1524 1380 1596 undique

128 1592 300 1646 Irruite
317 1595 365 1647 in
381 1594 588 1648 hostem.
622 1599 736 1670 Ast.
765 1596 964 1654 Vanus,
987 1596 1188 1652 imbellis
1212 1600 1350 1654 furor
1371 1615 1381 1649 ε

129 1669 333 1724 Mand.
358 1669 469 1723 Ahz
498 1671 614 1725 fiste.
640 1676 755 1747 Cyr.
788 1674 987 1724 Patrem
1017 1673 1198 1733 reddis,
1233 1675 1441 1730 altorem
1473 1674 1633 1748 eripis?

130 1744 419 1818 Utrumque
439 1746 642 1799 referam
660 1747 847 1807 vidior,
876 1763 975 1799 aut.
995 1785 1033 1797 ..
1060 1750 1225 1805 Palm.
1252 1752 1330 1805 Sic
1353 1768 1400 1802 te
1417 1752 1545 1803 necis

128 1822 316 1874 Iterum
343 1821 393 1872 in
411 1821 582 1893 pericla
602 1821 769 1875 mittis.
797 1828 908 1898 Cyr.
933 1826 995 1876 Et
1015 1823 1179 1894 spero.
1202 1832 1256 1883 &
1276 1843 1425 1902 pem,

129 1894 294 1949 Etiam
317 1895 504 1952 laceffO.
550 1902 638 1952 Me
663 1896 791 1951 mori
815 1914 968 1950 mater
992 1898 1129 1967 jubes
1147 1905 1172 1952 ?

128 1970 326 2024 Medios
346 1992 429 2045 per
452 1974 580 2026 enses
596 1973 814 2045 spiritum
837 1973 1043 2027 invisum
1073 1976 1281 2052 exigam.

130 2048 309 2109 Arma,
331 2067 477 2102 arma.
512 2050 709 2107 Mand.
736 2045 931 2102 Cohibe
953 2089 970 2110 ,
1000 2050 1249 2125 Palmyra,
1274 2054 1512 2109 effrenem
1542 2055 1636 2110 im·-

277 2140 426 2179 etum.

134 2143 352 2253 OccErre
369 2240 381 2259 ‚
407 2218 624 2275 propera·
657 2201 822 2257 Palm.
847 2205 993 2275 Cyre.
1021 2207 1067 2258 C
1056 2223 1135 2282 yr.
1163 2206 1303 2284 Qid
1325 2207 1518 2262 cursum
1542 2208 1635 2262 im-

277 2275 371 2328 edis
386 2281 410 2329 ἒ

129 2295 379 2405 Peniiitte.
407 2352 502 2406 Vel
524 2373 625 2412 me,
646 2352 841 2425 sponsa,
869 2371 974 2406 non
989 2353 1167 2431 absque
1198 2361 1437 2434 Harpago

133 2426 389 2481 Reducem
408 2430 599 2488 revises,
625 2429 703 2485 vel
733 2429 892 2482 modo
909 2433 1185 2489 extremum
1210 2436 1360 2491 vides.

129 2501 297 2558 Palm.
318 2503 415 2557 Cui
435 2525 514 2558 me
533 2505 759 2579 relinquis
779 2511 804 2559 ,Ρ
833 2511 877 2560 C
863 2525 944 2581 yr.
967 2508 1151 2564 Blanda
1168 2531 1291 2573 vox,
1320 2516 1373 2566 ὃς
1395 2513 1515 2570 dura
1533 2514 1635 2573 vis!

132 2575 233 2646 §ui
253 2594 311 2654 gu
323 2592 573 2656 parentem
595 2581 760 2655 deseris
775 2586 800 2636 ἓ
812 2582 1026 2654 Medum
1044 2585 1094 2641 in
1120 2607 1317 2653 manuS,
