2133 3209
411 211 713 270 CYRvs
785 208 1345 268 TR'A'GOEnlA.

131 301 258 358 Patri
276 302 489 357 faventes
510 300 774 369 invocem?
793 297 843 351 in
870 313 1044 352 natum
1063 297 1194 350 feror
1216 322 1226 351 ε

130 383 259 432 Nata
284 382 333 433 in
358 393 607 449 parentem
633 416 646 435 ,
668 392 823 429 mater
850 373 900 427 in
923 391 1097 427 natum
1125 372 1287 446 impia.

129 456 293 509 Palm.
310 457 430 504 Non
452 453 512 506 fic
533 450 727 504 dolebas
742 467 882 510 ante,
906 469 1038 503 nunc
1057 449 1185 502 serus
1206 448 1347 502 dolor
1377 458 1394 499 τ’

129 527 394 582 Haec-bella
412 530 673 601 postquam
695 531 858 600 Cyrus
874 564 886 583 ‚
911 524 1034 579 hanc
1055 544 1230 600 pugnae
1245 525 1402 581 aleam

123 607 215 659 Per
251 620 298 656 te
325 620 523 658 vocatus
544 602 683 655 adiit:
709 599 810 654 haee
831 601 998 654 animo
1023 601 1150 672 prius

125 679 311 743 Deeuit
336 679 512 734 videre.
539 677 735 733 Mand.
767 676 980 739 Vidi,&
1006 675 1240 733 incassum
1266 674 1459 733 horrui:

122 754 354 808 Vindieta
376 755 567 828 placuit.
597 759 788 825 Raptus
814 769 869 806 ut
887 751 1105 824 primum
1131 754 1226 807 fuit

121 832 171 883 A
195 847 326 903 patre
349 831 552 902 conjux,
580 847 765 884 carcere
788 846 845 882 ut
868 828 1083 882 clausum
1104 830 1233 883 audii
1259 847 1274 883 5

119 908 305 960 Exarsit
326 907 394 960 ira
420 911 616 980 peetus,
648 905 697 958 in
726 921 911 977 patrem
936 904 1184 976 impotens

119 984 211 1035 Me
230 983 387 1055 rapuit
410 985 553 1037 ardor
573 1025 587 1046 ,
609 982 851 1036 vindicem
868 980 1050 1035 armavi
1070 1001 1277 1036 manum
1290 1024 1306 1046 ,

118 1062 176 1111 In
200 1079 352 1114 avum
379 1077 608 1133 nepotem
629 1056 867 1129 compuli:
897 1055 1009 1109 hinc
1025 1073 1157 1111 totus
1177 1060 1343 1132 flagrat

116 1138 181 1187 Et
201 1135 417 1207 quatitur
439 1134 587 1189 orbis,
635 1132 796 1186 Cladis
827 1130 921 1186 hoc
937 1174 952 1195 ,
983 1151 1225 1205 quantum
1243 1134 1406 1194 vides,'

118 1209 233 1263 Una
257 1212 472 1282 peperisti
488 1251 500 1270 ‚
535 1209 717 1262 facinus
739 1208 834 1261 hoc
855 1224 1022 1260 totum
1048 1225 1197 1273 tuum
1220 1212 1314 1268 est,

119 1286 408 1340 Mandana?
426 1287 590 1341 Palm.
615 1288 753 1336 Tene
783 1282 956 1335 nobilis
969 1283 1086 1335 fasti
1111 1283 1242 1358 piget
1258 1324 1270 1342 ‚

116 1364 182 1414 Et
202 1362 428 1418 vindicati
447 1359 693 1435 conjugis?
731 1358 928 1415 Mand.
965 1362 1169 1413 Paetum
1191 1359 1343 1432 placet:

113 1435 360 1512 'Juvatque
391 1460 399 1488 :
420 1458 507 1493 nec
525 1477 538 1496 ,
561 1437 595 1488 s1
619 1436 777 1494 liceat,
793 1434 1036 1487 infe&um
1058 1435 1218 1489 velim.

113 1516 286 1587 Egone
306 1515 649 1567 immerentem
668 1511 824 1566 vincla
843 1508 1147 1583 Cambysen]
1172 1511 1270 1583 pati

115 1589 258 1643 Uxor
281 1589 485 1643 tulissem
506 1593 519 1639 ?
538 1585 889 1641 Decuitvulcisci
907 1629 921 1649 ,
955 1588 1007 1637 ὃς
1035 1586 1200 1648 decet,

115 1664 208 1718 Vel
225 1665 274 1718 in
296 1684 556 1738 parentem.
586 1668 706 1716 Non
730 1703 742 1721 ,
761 1662 900 1736 quod
927 1660 1115 1715 ulciscar
1136 1704 1152 1724 ,
1171 1682 1380 1736 queror:

113 1723 270 1810 Qud
291 1761 466 1816 cogar,
483 1748 537 1796 δε
563 1739 702 1812 quod
727 1738 892 1792 deceat
913 1736 1069 1790 ulcisci
1089 1757 1103 1793 5
1136 1739 1183 1792 id
1205 1759 1382 1813 queror
1405 1762 1416 1791 z

113 1816 268 1889 Qod
298 1837 386 1870 nee
410 1816 588 1869 marito
618 1815 737 1873 fida,
762 1832 851 1867 nee
871 1813 1065 1885 possum
1089 1816 1210 1885 patri

115 1892 266 1946 Simul
292 1893 399 1946 esse.
428 1890 579 1947 Arib.
604 1895 740 1944 Nam
767 1909 852 1944 cur
876 1907 922 1942 te
945 1889 1068 1961 patri
1093 1891 1244 1945 fidam
1265 1895 1437 1966 negas?

110 1971 222 2022 Pars
246 1970 396 2040 prima
416 1968 552 2030 fidei,
582 1984 738 2018 arcere
754 1966 1073 2019 meditantem
1095 1966 1254 2023 scelus,

108 2046 188 2095 Ne
207 2046 367 2118 pigeat
388 2043 596 2097 arcuisse.
621 2045 747 2094 Mox
769 2040 899 2093 idem
922 2040 1108 2112 aequior

108 2119 353 2174 Mitescet:
373 2120 710 2192 integramque
729 2114 947 2168 laudabit
964 2132 1097 2186 pater
1113 2157 1127 2175 ,

109 2198 275 2268 Qam
300 2216 430 2249 nunc
460 2193 631 2247 dolore
659 2192 816 2247 vietus
837 2192 1021 2245 accusat
1040 2191 1207 2245 fidem.

109 2275 236 2325 Mox
261 2271 382 2325 bella
403 2270 587 2324 cedent.
619 2268 704 2323 Sin
736 2269 922 2326 minus,
953 2277 1092 2340 parce
1119 2267 1287 2324 obvias

108 2348 231 2400 Fatis
258 2368 430 2402 manus
453 2346 670 2417 injicere:
703 2365 804 2396 non
827 2344 933 2396 satis
959 2347 1023 2397 est
1045 2345 1187 2405 mali,

1594 240 1636 283 55

113 2427 254 2476 Tunc
276 2424 367 2476 effe
389 2423 610 2480 miseros,
628 2442 742 2474 cum
769 2421 962 2474 sumus?
998 2420 1186 2474 Mand.
1213 2421 1447 2476 Necdum
1468 2441 1606 2498 putas

113 2499 333 2551 Miseram
354 2499 470 2557 esse,
495 2498 624 2552 nulla
647 2499 746 2569 spes
768 2497 842 2549 eui
870 2514 951 2548 aut
971 2515 1145 2551 votum
1169 2499 1233 2549 est
1255 2498 1418 2571 super,

109 2574 211 2628 Nifi
229 2576 383 2630 vidkus
404 2576 576 2628 iterum
591 2615 603 2635 ‚
623 2573 775 2643 'ca-:sus
791 2614 808 2634 ,
828 2589 914 2626 aut
936 2590 1104 2646 captus
1126 2591 1258 2646 pater
1278 2591 1306 2650 ὲ,
