2133 3209
499 178 568 218 40
941 159 1299 210 CAROLI
1383 157 1617 210 RUAEI

495 241 731 299 Docuisse
752 248 777 298 ?
798 244 884 304 sic,
903 244 964 299 sic
987 245 1195 320 pergite,
1224 248 1278 296 &
1314 244 1489 298 claram
1512 242 1733 300 indolem

496 318 717 375 Probate
741 321 905 374 factis:
927 323 1134 394 gloriam
1153 328 1209 376 &
1231 321 1396 374 laudes
1428 339 1561 374 meas

498 397 788 458 Cumulate,
815 400 868 447 &
892 397 1070 470 aliquid
1096 396 1234 449 facite
1259 412 1457 469 propter
1483 392 1620 470 quod
1641 410 1798 467 patres

497 472 603 524 Vos
624 474 869 546 gaudeant
892 472 1121 547 genuisse.
1159 472 1237 527 Sic
1267 492 1442 545 nempe
1469 470 1708 545 inclytum

498 550 768 622 Atavisque
788 548 993 621 dignum
1016 549 1163 602 funus
1207 548 1366 603 effusis
1395 556 1536 622 juvat

498 623 706 676 Ambire
729 624 870 679 votis.
909 624 1161 678 Ultimum
1185 625 1392 678 heroum
1412 626 1555 678 decus
1577 663 1591 682 ‚

500 697 672 752 Sceleri
695 699 893 753 immori
919 742 932 763 ,
958 701 1187 774 turpique
1206 701 1385 755 lictoris
1409 721 1565 757 manu

497 774 805 829 Profundere
831 775 961 830 ultro
985 778 1216 850 spiritum.
1254 778 1311 831 Id
1338 794 1543 850 uterque
1563 773 1780 847 expetit?

500 849 728 925 Uterque
756 871 863 905 reus
887 855 951 905 est
976 854 1192 925 pariter?
1216 857 1269 905 &
1294 871 1498 927 uterque
1519 851 1723 906 occidet.

498 929 686 1000 eArstn.
726 927 931 981 Occidet
959 934 1202 1001 Amyntas
1224 971 1238 992 ‚
1265 930 1403 1002 quod
1420 930 1564 983 suum
1582 927 1650 980 ob
1673 925 1891 978 facinus?
1917 930 2004 983 nifi

499 1003 658 1069 Qod
687 1004 894 1058 nimium
913 1005 1124 1064 amavit,
1151 1005 1291 1077 quod
1320 1005 1467 1058 fidem
1488 1002 1727 1077 impendit
1753 1019 1838 1054 reo
1860 1044 1877 1062 ,

501 1078 658 1150 Qod
684 1081 735 1129 ὃς
758 1078 917 1131 alienae
944 1081 1115 1151 sponte
1136 1081 1184 1132 se
1209 1080 1358 1152 culpae
1384 1080 1563 1133 inserit.

500 1155 646 1205 Hanc
674 1170 728 1206 tu
759 1155 875 1207 mihi
897 1155 1083 1228 tibique
1108 1155 1377 1211 Vindictam
1401 1174 1532 1229 paras
1552 1196 1569 1217 ,

498 1228 610 1279 Nec
631 1229 822 1301 iniquus
847 1230 1012 1284 ultor?
1035 1230 1224 1308 Agath.
1255 1230 1396 1286 Solus
1420 1231 1499 1284 has
1520 1228 1675 1283 merui
1699 1231 1850 1289 vices,

502 1301 644 1355 Solus
669 1303 874 1357 tenebris
898 1305 1080 1359 debeor
1102 1327 1111 1353 :
1141 1306 1308 1360 saltem
1336 1304 1431 1361 hoc
1451 1305 1539 1359 fibi

500 1379 690 1451 Regina
710 1381 848 1452 quod
873 1399 1004 1434 amet
1027 1380 1371 1435 habeatzhunc
1396 1384 1532 1435 orbae
1555 1381 1755 1436 unicum

499 1455 736 1527 Relique,
757 1456 979 1528 genitor,
1006 1455 1136 1510 unde
1152 1458 1201 1509 se
1224 1474 1434 1511 matrem
1465 1458 1593 1511 sciat.

498 1533 729 1606 QAmynt.
745 1533 868 1602 Q
880 1551 1027 1606 regna
1039 1533 1283 1586 recident?
1296 1534 1442 1608 digna
1455 1553 1563 1605 quae
1574 1533 1819 1607 sceptrum
1830 1554 2006 1590 manus

500 1604 795 1680 Tractabit}
823 1606 900 1660 hic
924 1609 956 1661 fi
980 1627 1165 1679 pereat,
1194 1617 1249 1664 δε
1268 1609 1328 1663 de
1363 1627 1414 1662 te
1432 1609 1551 1661 nihil

499 1676 646 1732 Ultra
667 1681 874 1753 supersit.
908 1685 1089 1762 Lysim.
1125 1686 1348 1758 Qando
1373 1686 1434 1738 sic
1456 1702 1634 1741 votum
1658 1686 1724 1740 est
1743 1686 1869 1741 mori
1887 1726 1903 1749 ‚

497 1755 642 1810 Levis
664 1758 731 1809 est
753 1758 946 1830 utrique
966 1779 1140 1830 poena3
1167 1761 1438 1835 graviorem
1460 1780 1581 1833 paro
1609 1782 1619 1808 :

498 1829 701 1884 VivetiS.
742 1835 934 1906 eArsln,
970 1838 1038 1887 Et
1059 1836 1143 1899 sic,
1169 1838 1231 1890 sic
1254 1837 1424 1890 datam
1451 1836 1647 1891 exolves
1674 1837 1821 1891 fidem
1850 1841 1877 1891 ἓ

498 1905 578 1958 Sic
599 1924 821 1960 execrato
849 1910 1077 1984 sanguine
1111 1929 1351 1965 errantem
1372 1929 1505 1985 pater

498 1981 760 2036 Fraudabis
785 1983 1014 2038 umbram
1034 1991 1060 2038 ?
1088 1987 1247 2041 vietor
1267 1987 1446 2040 interea
1469 1991 1605 2040 Deos

498 2058 762 2121 Homicida
784 2058 957 2112 ludet?
976 2059 1071 2115 hoc
1094 2061 1245 2116 feram
1268 2068 1295 2115 ἒ
1326 2064 1505 2138 Lyfim·
1530 2067 1595 2113 Et
1618 2062 1807 2118 nullum
1833 2063 1944 2124 tibi,

496 2130 723 2207 Mihique
750 2136 946 2205 supersit
968 2137 1195 2189 columen
1213 2141 1238 2189 ἒ
1255 2140 1307 2189 &
1327 2156 1533 2209 praeceps
1558 2136 1694 2190 furor

496 2207 749 2282 Qicquid
774 2226 920 2263 tuum
948 2212 1013 2262 est
1039 2229 1306 2285 meumque
1325 2229 1588 2266 momento
1613 2232 1749 2268 eruat
1776 2217 1791 2262 ?

495 2285 560 2334 Et
583 2281 679 2336 hoc
705 2285 856 2338 feram
875 2289 901 2337 ,Ρ
916 2285 994 2338 sed
1019 2288 1194 2346 statue,
1215 2307 1365 2361 quem
1387 2288 1552 2342 feriam
1571 2292 1596 2339 ,Ρ
1603 2288 1736 2358 jube.

494 2361 668 2429 Affin.
707 2359 810 2432 Q
840 2361 1012 2436 dignus
1044 2364 1126 2416 est.
1161 2366 1339 2440 Lysim.
1381 2363 1619 2419 Ostende.
1663 2368 1850 2440 cArsln.
1891 2371 1997 2424 Iam

609 2435 772 2504 patuit
800 2436 923 2491 satis.

491 2510 707 2589 Amyn:
733 2511 902 2589 Finem
927 2513 1003 2569 hic
1025 2513 1260 2574 laborum
1283 2517 1502 2598 jugulus',
1527 2517 1604 2594 liic
1629 2536 1798 2596 pacem
1821 2519 1980 2573 dabit:

718 2603 722 2608 '
1736 2595 2006 2669 Abrumpe,
