2133 3209
499 174 1150 225 MISCELLANEA;

117 259 283 316 Sicubi
306 258 437 316 venit
468 259 637 334 hyems
659 304 673 324 ‚
695 278 779 314 aut
802 260 1014 314 nubibus
1038 264 1144 313 aeta
1170 259 1332 314 solutis

116 336 311 390 Eluvies
333 335 549 389 tumidos
577 337 813 410 stagnanti
837 337 1023 410 gurgite
1049 339 1264 389 fluetus·

116 411 300 464 Extulit
320 412 504 463 irritans
530 431 540 458 τ
563 428 710 464 rauco
731 412 956 465 concussa
981 413 1183 486 fragore

114 488 283 540 Litora
302 527 314 545 ,
350 486 586 560 vicinique
605 487 783 539 sonant
812 487 993 541 circum
1014 488 1230 560 undique
1251 503 1461 541 montes,

175 562 256 614 Ille
277 563 546 635 potensque
578 563 647 615 sui
668 603 681 622 ‚
710 582 799 617 nec
820 564 903 616 fati
924 561 1167 617 obnox1us
1189 581 1269 616 ira:

114 638 342 693 Tristitiae
365 654 573 709 expertes
592 638 788 710 privatis
813 638 998 713 legibus
1025 659 1178 693 annos

113 713 279 788 Exigit
307 755 324 774 ,
349 714 398 766 in
421 713 580 766 lucem
611 713 716 765 satis
737 716 802 766 est
828 715 905 766 cui
932 713 1086 765 dicere
1109 753 1122 772 ‚
1150 712 1262 768 vixi.

68 820 72 823 -
116 788 335 842 Crastina
359 788 434 845 vel
453 788 593 860 piceis
617 777 832 855 οὔεί),
849 786 1060 842 nubibus
1083 806 1214 842 auras
1238 809 1253 849 3

115 863 210 916 Vel
236 883 380 936 puros
396 865 570 919 referat
594 864 714 918 soles
732 906 750 926 ,
776 868 830 917 &
854 879 1018 937 aperta
1045 865 1214 917 serena
1236 904 1256 925 ,

117 937 193 991 Ut
213 939 357 994 libeat
375 941 462 994 fibi
485 959 698 1014 cumque
724 939 889 994 Deum
915 957 1046 1012 pater
1067 941 1234 994 omnia
1260 937 1426 993 volvat
1449 960 1459 987 z

102 1017 239 1068 ·Non
265 1017 441 1070 iterum
464 1033 627 1070 tamen
651 1056 664 1075 ,
692 1032 774 1068 aut
799 1033 930 1069 retro
956 1015 1054 1085 jam
1078 1015 1203 1086 lapsa
1227 1015 1426 1068 reducet
1451 1053 1463 1072 ‚

117 1093 223 1143 Aut
244 1093 422 1145 infecta
444 1090 582 1145 dabit
600 1134 618 1154 ,
643 1111 749 1167 quae
771 1111 875 1144 non
896 1090 1173 1145 revocabilis
1194 1089 1304 1142 orbi

115 1167 305 1219 Invexit
325 1167 469 1221 semel
487 1166 608 1221 hora
632 1210 646 1231 ‚
677 1186 834 1241 neque
856 1167 992 1221 audit
1018 1185 1210 1239 tempus
1232 1164 1473 1222 habenasss

174 1245 361 1296 Interea
378 1243 505 1298 saevo
530 1242 739 1317 gaudens
765 1242 963 1297 fortuna
987 1243 1206 1297 tumultu
1229 1283 1244 1302 ‚

117 1322 359 1391 Certaque
375 1317 602 1390 praecipiti
622 1319 804 1389 semper
827 1318 1048 1373 mortalia
1069 1317 1186 1371 ludo

117 1397 326 1446 Vertere
351 1434 364 1453 ‚
387 1411 515 1447 certa
537 1413 697 1449 novos
716 1394 899 1464 semper
917 1394 1003 1446 fibi
1021 1392 1203 1465 fingere
1234 1391 1394 1446 vultus
1410 1433 1427 1453 ,

116 1471 262 1523 Nutu
281 1469 450 1525 adimit
471 1472 629 1523 fluxos
652 1509 665 1527 ‚
693 1484 917 1541 nutuque
939 1468 1130 1540 reponit
1150 1467 1378 1520 honores.

117 1548 265 1598 Nunc
289 1561 420 1597 amat
443 1551 497 1600 &
522 1543 690 1599 vinclis
710 1544 884 1602 fasces,
909 1547 963 1595 ὅ(
994 1561 1146 1596 aratra
1171 1541 1326 1597 curuli
1351 1584 1366 1606 ‚

117 1624 180 1673 Et
213 1619 425 1692 patribus
447 1618 637 1692 plebem
657 1659 670 1676 ‚
700 1622 754 1671 ἅ
783 1618 903 1672 cladi
925 1636 1112 1673 mutare
1133 1617 1383 1690 tiumphos
1400 1645 1420 1680 ‚-

118 1698 268 1748 Nunc
288 1695 409 1748 mihi
434 1735 446 1754 ,
471 1715 601 1748 nunc
624 1693 719 1747 aliis
741 1696 857 1747 flatu
883 1694 1077 1766 aspirare
1103 1695 1329 1747 secundo,

119 1772 351 1843 Prospera
374 1772 407 1824 fi
429 1771 587 1825 faveat
607 1811 624 1830 ,
652 1769 832 1825 laudo3
856 1770 889 1822 fi
911 1771 1042 1824 versa
1067 1769 1227 1823 favere

121 1847 326 1900 Desinat
352 1889 370 1908 ,
394 1850 446 1898 &
471 1845 657 1899 volucri
677 1846 770 1896 sese
796 1845 1020 1916 improba
1038 1844 1283 1899 subtrahat
1304 1846 1375 1900 ala
1396 1869 1406 1895 :

123 1922 270 1974 Cedo
295 1924 415 1975 Deae
434 1962 446 1980 ,
475 1920 762 1994 fructusque
786 1921 953 1976 volens
974 1924 1028 1972 δε
1055 1921 1183 1974 dona
1204 1922 1407 1996 resigno,

124 2000 259 2049 Tum
284 2016 459 2051 vacuus
484 2015 646 2049 rerum
666 2038 680 2059 ‚
707 2016 823 2049 cura
845 2013 952 2050 tum
978 1996 1095 2048 liber
1119 1996 1180 2050 ab
1202 1998 1342 2049 omni
1362 2040 1378 2061 ,

122 2075 211 2124 Me
231 2072 422 2144 propria
440 2071 644 2126 involvo
664 2071 841 2125 virtute
861 2077 885 2124 ,Ρ
906 2091 993 2125 nec
1013 2074 1114 2124 aeris
1138 2088 1361 2146 egentem

124 2152 328 2221 Ignotus
351 2148 447 2199 fine
468 2148 584 2199 dote
610 2147 721 2199 colo
747 2187 759 2205 ‚
789 2148 884 2200 sine
915 2147 1112 2200 crimine
1135 2152 1300 2201 vitam.

193 2222 288 2276 Hic
311 2222 429 2276 mihi
448 2239 579 2294 parta
600 2221 732 2295 quies
753 2264 767 2285 ,
789 2221 884 2276 hoc
905 2242 984 2276 me
1007 2240 1178 2276 natura
1202 2222 1384 2279 creavit

128 2296 332 2372 Ingenio
354 2317 363 2344 τ
386 2318 472 2352 nec
495 2298 626 2351 enim
652 2339 665 2356 ‚
686 2297 808 2350 irato
835 2299 868 2351 fi
893 2317 1142 2353 marmore
1161 2299 1330 2370 puppis

126 2371 349 2426 Fluctuet
371 2412 389 2433 ,
415 2377 468 2424 ὃς
492 2392 693 2445 praeceps
724 2373 836 2427 velis
858 2373 1112 2447 immugiat
1138 2375 1317 2426 Auster
1333 2414 1348 2433 ,

129 2447 315 2501 Audiat
332 2448 382 2498 in
401 2448 588 2501 miseras
609 2449 808 2502 timidus
837 2450 1085 2502 decurrere
1106 2467 1247 2503 voces
1266 2488 1280 2505 ‚

135 2528 238 2577 Aut
266 2521 390 2578 votis
416 2542 614 2578 onerare
635 2527 770 2578 Deos
790 2567 803 2590 ‚
822 2523 1130 2599 precibusque
1149 2522 1310 2598 pacisci

1533 187 1612 236 ²⁶3
