2133 3209
475 213 526 253 28
914 196 1258 255 CAROLI
1334 195 1575 252 RUAEi

478 288 644 360 Arsin.
683 287 875 338 Premit
897 288 1229 336 innocentem
1247 322 1261 343 ‚
1283 277 1508 352 quisquis
1529 276 1701 331 ulcisci
1723 277 1902 330 abnuit

478 361 789 433 Trepidatve
816 359 984 431 judex.
1025 358 1190 434 Lystm.
1219 358 1356 428 Ergo
1379 353 1698 425 pereundum
1712 357 1842 404 reo?

478 440 579 488 Res
606 434 709 488 fixa
730 452 742 486 ἒ
767 434 935 486 Placet
959 426 1049 483 hic'
1064 430 1223 490 sensus
1250 452 1261 480 ι
1301 436 1355 482 ὃζ
1379 428 1612 480 nondum
1630 468 1644 489 ,
1667 447 1723 481 ut
1745 444 1913 501 putas,

480 515 603 562 Hoc
625 553 639 573 ,
660 511 761 561 hoc
791 508 900 561 finu
922 506 986 560 sic
1007 508 1210 579 penitus
1234 502 1420 555 excussi
1449 521 1663 576 patrem.

481 586 616 636 Mihi
642 584 832 656 semper
857 600 990 634 atros
1018 579 1293 635 vulnerum
1318 579 1569 630 ostentans
1593 575 1762 649 specus
1784 615 1801 637 ,

483 662 548 725 Et
575 658 735 710 lacera
759 656 904 711 foedo
926 656 1153 708 membra
1178 654 1367 714 laniatu
1386 648 1625 716 offerens,

481 734 696 784 Incurrit
727 732 886 784 oculis
913 749 1077 785 natuS.
1117 728 1362 793 Ultorem
1388 727 1519 791 dabo
1540 770 1556 791 ‚

483 807 776 879 Hodieque.
817 807 1003 878 eArsin.
1033 807 1162 877 Qis
1185 822 1292 855 tam
1320 800 1432 855 sana
1451 844 1466 865 ‚
1492 820 1599 860 tam
1621 797 1830 873 praesens
1852 798 1995 850 Deus

483 881 711 933 Consilia
731 883 892 933 menti
917 879 1116 941 subdit3
1147 896 1205 930 ut
1229 876 1398 929 sceleri
1424 896 1564 949 pares

483 956 765 1028 Concipiat
788 957 911 1006 iras?
951 956 1118 1029 Lystm.
1160 950 1263 1025 Ipse
1291 954 1381 1023 qui
1401 950 1524 1003 fecit
1546 993 1560 1016 ‚
1583 949 1719 1002 nefas

483 1028 652 1081 Palam
676 1030 746 1080 est
769 1025 1009 1102 pxofeffus
1032 1050 1042 1079 ε
1066 1032 1202 1082 virus
1220 1028 1272 1076 in
1295 1044 1528 1098 apertum
1545 1024 1760 1088 extulit,

482 1105 826 1175 Meritamque
849 1104 1033 1174 repetit
1056 1101 1194 1154 ultor
1221 1107 1277 1153 &t
1303 1099 1462 1170 judex
1490 1118 1697 1151 necem:

483 1176 765 1250 Refertque
793 1219 806 1240 ,
832 1182 1043 1248 conjux.
1087 1177 1253 1248 Arstn.
1285 1174 1561 1232 Vindicem
1585 1173 1745 1246 reperi
1773 1192 1784 1222 z
1816 1171 1927 1231 satis

485 1253 640 1309 Mihi,
658 1269 802 1314 nate,
824 1252 1023 1323 tibique
1048 1252 1132 1303 est.
1166 1249 1265 1302 Sed
1283 1251 1392 1321 quis
1418 1251 1684 1300 incautum
1711 1249 1842 1317 rapit

483 1326 652 1378 Malus
672 1344 809 1377 error
838 1328 1063 1377 animum
1086 1345 1100 1380 Ξ
1138 1326 1303 1396 Lffim.
1343 1322 1527 1374 Nullus
1555 1323 1711 1373 errori
1738 1320 1898 1383 locus·⁰

485 1398 774 1471 Impensum
797 1402 957 1456 amori
978 1405 1080 1471 jam
1103 1389 1214 1450 sa't‘is
1233 1440 1246 1461 ‚
1280 1415 1446 1452 totam
1471 1413 1728 1470 occupant

482 1475 641 1526 Nunc
669 1473 787 1525 odia
809 1492 1035 1535 mentem
1059 1499 1069 1527 ε
1094 1472 1260 1525 nullus
1287 1491 1346 1526 ut
1375 1474 1537 1523 amori
1566 1470 1665 1523 fuit

487 1548 675 1599 Modus
699 1566 813 1600 ante
834 1591 847 1612 ‚
877 1547 1044 1599 nullus
1068 1550 1254 1621 pariter
1281 1547 1350 1598 est
1380 1545 1504 1598 odio
1527 1546 1724 1600 modus„

486 1624 712 1674 Decreta
732 1642 867 1674 mors
892 1623 988 1674 est:
1007 1642 1163 1693 poena
1181 1640 1293 1693 quae
1322 1620 1515 1694 placeat
1542 1624 1702 1696 magis

484 1696 735 1767 Expende
762 1719 772 1748 :
804 1697 971 1770 legem
993 1696 1094 1748 sola
1122 1695 1405 1768 supremam
1423 1694 1565 1753 feres,

486 1768 732 1829 Accerse,
763 1772 923 1823 miles.
960 1771 1154 1829 Iudicis
1179 1789 1342 1842 pa-rtes
1369 1790 1466 1844 a-go
1493 1789 1508 1824 ἓ

485 1848 572 1895 An
599 1843 763 1896 lentus
791 1845 929 1897 ultor
951 1844 1142 1898 sceleris
1172 1844 1380 1898 absolvo
1414 1862 1557 1896 reum
1574 1859 1590 1905 v?
1625 1884 1631 1890 .

486 1919 655 1988 Arstn.
697 1920 779 1971 Sic
803 1918 949 1972 dulce
972 1922 1173 1992 penitus
1201 1938 1393 1971 nomen
1414 1920 1620 1991 abjiciat
1643 1936 1784 1991 pater
1807 1935 1820 1969 ἓ

486 1994 612 2043 Non
634 1990 800 2046 faciet,
833 1995 999 2071 Lystm.
1041 1992 1146 2066 Ipsa
1175 2035 1190 2055 ,
1214 1991 1378 2044 facere
1399 2013 1471 2044 ne·
1486 1992 1714 2045 dubitem
1734 2035 1747 2057 ,
1771 1995 1966 2065 aequior

487 2069 653 2118 Facies
679 2089 689 2118 :
714 2070 948 2120 nocentis
973 2087 1133 2140 poena
1152 2110 1166 2131 ,
1191 2069 1402 2137 natique
1422 2065 1558 2118 ultito.
1581 2110 1595 2130 ‚

488 2144 589 2192 Res
619 2144 793 2193 omnis
818 2145 868 2192 in
898 2160 947 2194 te
969 2141 1160 2212 pofita:
1187 2140 1548 2192 remdirime„
1564 2182 1574 2193 .
1607 2145 1691 2192 En·
1709 2143 1864 2193 habes
1880 2185 1895 2205 ,

493 2218 667 2290 Qem
683 2218 829 2287 petis,
851 2217 975 2289 Arf
986 2219 1270 2283 Amyntam
1286 2213 1454 2267 video!
1477 2215 1842 2290 LysCatnifice
1853 2216 2009 2270 vides,

489 2290 570 2340 Te
589 2332 603 2353 ‚
623 2308 673 2341 te
695 2288 779 2339 ille
804 2309 973 2362 pereat
998 2289 1212 2341 arbitra:
1236 2293 1433 2361 conqu
1457 2291 1661 2353 virum,

488 2365 688 2416 Natum
715 2382 891 2436 parens
915 2362 1181 2417 ulciscere:
1210 2366 1447 2437 ignavam
1473 2382 1606 2417 exue

490 2438 871 2511 Trepidamque
892 2456 1118 2492 mentem
1148 2466 1157 2493 ;
1180 2439 1305 2490 libet
1332 2437 1566 2492 exundet
1580 2439 1742 2493 furor.

488 2512 583 2564 Nil
610 2514 756 2565 obsto
779 2540 791 2573 ·,
817 2515 990 2585 jubeo.
1023 2518 1110 2567 Mle
1138 2512 1336 2576 ferum,
1363 2514 1617 2568 immitem
1639 2534 1801 2569 voca:

492 2590 628 2641 Leve
658 2588 743 2640 est.
773 2587 1010 2642 Seleucus
1039 2591 1187 2663 periit
1214 2631 1231 2653 ,
1256 2588 1435 2642 ulcisci
1451 2607 1626 2646 tatum
1648 2593 1718 2644 est
1742 2636 1756 2660 ‚
