2133 3209
507 233 590 274 114
973 221 1346 271 'CAROLI
1409 214 1651 272 RUAEI

504 306 627 357 Non
655 300 851 367 tituIOS,
877 307 1135 379 captasque
1166 303 1339 362 urbes,
1371 323 1473 357 non
1492 304 1648 358 diruta
1669 300 1799 369 ferro
1830 367 1834 371 q

506 379 730 442 Moenia,
759 400 859 433 non
880 380 1020 435 vistis
1043 379 1301 433 moerentia
1324 379 1525 434 flumina
1553 380 1688 451 ripis,
1717 417 1725 420 „
1776 426 1778 428 ,

505 457 726 529 Fusaque
751 456 982 528 squalenti
1008 473 1171 510 rerum
1193 455 1440 510 simulacra
1464 454 1667 515 metallo
1681 476 1701 511 3-

503 535 580 582 At
606 550 762 603 neque
785 532 995 604 praedam
1015 531 1163 584 oculis
1186 533 1464 605 ingentem,
1487 530 1686 605 aurique
1708 530 1922 588 talenta;

506 606 819 677 Spiculaque,
850 613 907 662 ὃς
925 607 1143 681 clypeOS,
1170 609 1395 681 ensesque
1413 650 1425 668 ‚
1453 609 1750 682 aggestaque
1773 608 1935 683 figm,

503 686 571 735 Et
593 682 751 756 rigidis
770 684 974 755 appensa
996 684 1178 738 ducum
1200 683 1349 756 spolia
1369 703 1509 738 aurea
1537 684 1742 744 truncis,

503 760 767 811 Ostentare
789 758 940 815 labor.
988 761 1186 814 Veteres
1204 759 1307 814 haec
1327 779 1509 834 pompa
1537 760 1795 821 Metellos,

505 837 630 886 Haec
655 834 843 891 Paullos
863 836 1056 897 deceat,
1086 836 1326 891 Mariosve
1345 877 1357 895 ,
1395 839 1449 887 &
1478 852 1735 909 quotquot
1757 838 1929 908 iniquo

503 912 674 961 Roma
697 910 838 964 duces
864 912 1029 982 plausu
1051 912 1169 965 celsa
1199 912 1259 964 ad
1288 911 1529 984 Capitolia
1554 912 1693 965 duxit

503 985 764 1038 Praedatrix
783 987 1099 1059 populorum.
1125 986 1241 1040 Alio
1263 986 1308 1039 se
1324 1006 1459 1040 more
1483 987 1782 1049 videndum,

505 1060 660 1114 Cultu
689 1062 809 1126 alio,
834 1063 990 1138 gentis
1019 1063 1180 1116 decuit
1205 1062 1419 1134 praebere
1443 1079 1712 1133 parentem.

504 1139 641 1210 Ergo
669 1138 856 1191 animos
880 1139 1066 1212 placido
1090 1139 1213 1194 visus
1236 1137 1320 1190 fibi
1343 1137 1544 1192 subdere
1571 1140 1736 1198 vultu,

504 1213 811 1287 Indignaque
843 1234 1001 1270 novos
1028 1214 1289 1268 formidine
1317 1214 1499 1269 solvere
1527 1219 1667 1269 cives,

505 1288 745 1361 Undique
778 1290 952 1346 festivo
985 1292 1153 1343 fremit
1185 1291 1345 1343 omnis
1375 1289 1563 1365 Belgica
1593 1289 1744 1362 pubes

504 1365 769 1418 Murmure
798 1386 806 1413 ε
832 1367 1107 1438 composito
1130 1386 1239 1438 pars
1258 1364 1387 1418 labra
1412 1367 1627 1418 natantia
1654 1365 1776 1426 risu,

505 1441 617 1490 Pars
642 1439 774 1494 laetos
801 1441 1060 1495 oculorum
1086 1442 1246 1517 ignes,
1285 1444 1340 1492 δέ
1361 1441 1611 1515 utrimque
1637 1443 1871 1496 fluentem

506 1518 681 1568 Ereeta
710 1518 894 1571 cervice
919 1538 1114 1571 comam
1135 1539 1144 1564 :
1169 1537 1271 1590 pars
1296 1517 1442 1571 ardua
1467 1517 1640 1569 frontis

506 1589 720 1644 Miratur
744 1592 941 1654 decora,
965 1597 1018 1645 &
1042 1593 1176 1647 cultu
1199 1593 1287 1647 sub
1306 1592 1512 1664 simplice
1534 1592 1697 1646 laudat

508 1667 719 1739 Regales
743 1667 958 1733 habituS,
987 1669 1382 1743 majestatemque
1405 1669 1641 1722 serenam.

510 1743 699 1794 Cuncti
726 1744 947 1798 animum
980 1745 1111 1796 flecti
1137 1744 1354 1804 facilem,
1390 1744 1634 1817 plebisque
1668 1761 1916 1818 patentem

509 1817 800 1885 QestibuS,
828 1822 880 1871 &
914 1824 1047 1873 ree'ta
1068 1820 1329 1874 librantem
1359 1821 1538 1896 singula
1567 1820 1725 1879 lance,

507 1895 572 1944 Et
595 1913 876 1948 memorant
900 1896 1056 1955 ultro,
1090 1900 1142 1948 &
1169 1914 1306 1949 tanto
1329 1895 1412 1949 fibi
1441 1896 1629 1951 vindice
1648 1895 1882 1972 gaudent.

584 1969 658 2022 Sic
680 1970 764 2024 ubi
786 1974 891 2043 post
914 1971 1080 2045 longas
1101 1970 1321 2045 hyemes,
1353 1973 1610 2046 insanaque
1633 1972 1783 2027 Cauri

512 2046 761 2110 Flamina,
789 2051 842 2099 ἃ
866 2049 1080 2101 excussos
1104 2048 1266 2123 gelidis
1296 2067 1320 2100 e
1349 2048 1559 2102 nubibus
1585 2048 1795 2113 imbres,

511 2121 593 2174 Sol
619 2126 841 2176 nostrum
863 2124 998 2176 radiis
1023 2124 1152 2176 afflat
1178 2123 1483 2196 propioribus
1508 2124 1683 2178 orbem
1704 2145 1713 2172 τ

510 2199 611 2267 Ipsa
631 2197 738 2251 licet
765 2199 924 2270 primo
943 2200 1078 2252 tellus
1107 2200 1314 2253 animata
1341 2200 1497 2253 calore

509 2276 702 2327 AEstuet
726 2275 776 2326 in
809 2273 1004 2328 nebulas
1021 2316 1037 2335 ,
1069 2275 1330 2348 reducique
1359 2275 1582 2329 obsistere
1607 2273 1835 2334 Phoebo‚·

509 2351 574 2400 Et
598 2350 754 2404 lucem
784 2351 986 2405 undanti
1012 2369 1165 2405 tentet
1191 2351 1446 2424 prohibere
1470 2370 1678 2424 vapore:

513 2424 595 2477 Sol
618 2442 782 2480 tamen
810 2426 1083 2481 obstruetas
1112 2427 1257 2482 densa
1281 2427 1477 2503 caligine
1495 2427 1649 2481 nubes

514 2500 730 2555 Discutit
756 2523 1014 2575 erumpens
1032 2547 1045 2568 ,
1070 2511 1124 2560 &
1152 2506 1310 2558 arnico
1337 2505 1520 2557 lumine
1548 2523 1718 2558 vernas

514 2576 752 2651 Undique
777 2580 953 2655 spargit
982 2601 1111 2653 opes.
1142 2583 1301 2635 Donis
1323 2599 1430 2635 tum
1461 2581 1590 2637 vista
1618 2581 1822 2636 recludit
