2133 3209
483 239 572 284 208
949 240 1302 288 CAROLI
1386 237 1620 287 RUAEI

481 324 607 375 Non
637 337 804 376 tamen
827 320 877 374 in
908 323 1043 374 radiis
1078 327 1132 374 ὃς
1167 322 1247 378 vili
1271 325 1453 377 cortice
1475 321 1628 394 fulget
1886 389 1896 398 ⁰

480 396 786 469 Praecipuum
810 399 953 450 decus
980 417 989 444 ε
1013 398 1140 451 intus
1160 398 1345 457 hon05‚
1373 398 1505 471 viget
1521 396 1650 449 intus
1675 410 1830 464 opum
1850 410 1920 447 Vls

481 471 672 542 Major,
703 477 755 524 &
784 492 964 525 arcauae
987 476 1153 548 regalis
1176 475 1327 548 gratia
1353 473 1540 527 formae.

482 550 615 620 Ergo
639 566 749 620 age,
773 567 1070 619 purpureum
1098 549 1292 604 ferrove
1315 566 1526 602 manuve
1553 561 1785 618 putamen

483 624 797 695 persequere,
822 630 876 678 δε
899 623 1017 676 dites
1045 625 1193 679 oculis
1217 625 1423 678 scrutare
1450 621 1666 677 latebraS.

480 696 614 749 Ilicet
640 697 806 752 artifici
839 717 1094 753 contextos
1124 701 1293 754 ordine
1319 702 1468 754 flexus

483 774 664 825 Intima
689 794 948 849 compages
977 776 1148 847 aperit,
1178 777 1414 849 roseoque
1437 790 1662 827 natantes

483 850 619 901 Rorc
641 848 767 901 sinus
796 852 1027 921 :propriis
1052 851 1135 904 ubi
1161 854 1288 925 septa
1315 871 1400 923 per
1429 869 1571 904 aurea
1601 848 1726 903 cellis

481 923 638 975 Dulce
667 923 845 975 rubent
869 926 1017 989 acini,
1038 926 1172 999 queis
1190 927 1374 981 lucidus
1403 924 1584 980 humor
1606 923 1834 978 adhaeret.

480 996 593 1050 Sive
624 997 760 1051 illum
789 998 972 1053 levibus
993 1002 1157 1058 nativa
1186 1001 1393 1076 coagula
1419 1000 1576 1074 granis

483 1074 772 1147 Astringunt
801 1075 1009 1130 fluidum
1034 1097 1045 1123 τ
1072 1096 1244 1131 tenero
1266 1078 1349 1131 seu
1377 1076 1507 1149 pellis
1536 1075 1721 1128 amictu

481 1147 682 1201 Pressius
705 1149 998 1212 obnubenS,
1024 1153 1304 1227 nucleisque
1325 1150 1573 1205 tenacibus
1594 1147 1764 1204 ambit.

551 1228 672 1276 Nou
697 1226 757 1277 sic
783 1226 993 1298 imperii,
1016 1230 1198 1282 florum
1223 1232 1346 1282 inter
1369 1227 1537 1281 inutile
1562 1225 1761 1299 vulgus,

480 1299 585 1370 Q
609 1300 750 1352 titulo
781 1301 970 1376 insignis
993 1305 1083 1355 flos
1111 1303 1292 1357 eminet
1319 1324 1328 1351 ι
1353 1323 1451 1357 una
1475 1321 1673 1356 coronae

480 1377 647 1445 Qern
680 1376 706 1426 s
700 1376 877 1447 pecies,
901 1398 1026 1431 unus
1047 1379 1281 1433 foliorum
1311 1378 1511 1431 circulus
1535 1393 1694 1429 ornat.

479 1451 678 1524 Qppe
706 1450 788 1503 ubi
810 1452 885 1505 vel
910 1452 1069 1516 seni0‚
1098 1454 1174 1509 vel
1193 1454 1365 1527 iniquo
1385 1453 1544 1506 sideris
1568 1453 1685 1505 aestu

482 1526 690 1578 Marcuit
712 1566 722 1584 ,
750 1529 802 1577 <Se
836 1526 974 1599 lapsae
1002 1530 1239 1601 populato
1267 1529 1440 1582 vertice
1464 1527 1663 1582 frondes

480 1604 538 1653 In
560 1618 733 1654 ventos
764 1600 945 1660 abiere,
970 1606 1023 1654 &
1047 1602 1258 1658 humum
1279 1604 1484 1676 sparsere
1503 1603 1668 1657 ruina:

479 1676 732 1728 Horridus
761 1678 913 1729 arenti
933 1678 1030 1730 fine
1056 1680 1261 1732 nomine
1284 1680 1422 1751 stipes
1445 1679 1494 1731 in
1513 1698 1632 1753 agro

479 1755 734 1823 Languer,
756 1751 805 1801 in
834 1770 1077 1815 extremos
1097 1754 1334 1808 inhonesti
1357 1756 1570 1808 vomeris
1594 1754 1735 1806 icius.

539 1830 697 1879 NON
729 1825 892 1887 aliter,
917 1846 1170 1904 quotquot
1194 1835 1416 1883 Romana
1437 1828 1651 1899 superbia
1675 1832 1825 1900 jaeiat

481 1900 672 1954 Ceffiffe
695 1902 924 1972 imperio,
959 1921 1102 1978 atque
1122 1905 1322 1959 humiles
1350 1906 1560 1979 quaefisse
1588 1903 1842 1966 tenebraS,

480 1976 723 2049 Sumque,
752 1981 806 2028 δε
834 1978 1033 2032 immitis
1064 1984 1169 2052 post
1195 1981 1333 2035 taedia
1362 1983 1510 2057 longa
1531 1979 1744 2035 Diocles.

477 2051 548 2103 Illi
578 2052 698 2105 inter
724 2053 889 2124 patrias
918 2055 1040 2108 soliti
1064 2058 1250 2132 fulgere
1284 2059 1462 2111 secures

481 2127 694 2187 Scilicet,
726 2135 779 2183 δε
811 2130 961 2205 fragili
989 2132 1076 2185 sibi
1103 2133 1259 2186 lucem
1287 2134 1516 2187 accersere
1546 2130 1750 2205 pompzi‚

477 2204 696 2256 Demerfi
728 2204 878 2267 vitiis,
905 2210 957 2257 &
989 2212 1133 2260 restae
1162 2209 1335 2262 mentis
1367 2209 1528 2282 egeni:

476 2279 604 2331 Mox
637 2279 795 2350 positis
828 2282 943 2334 nudi
969 2283 1172 2342 exuviis,
1203 2284 1496 2356 ridendaque
1523 2282 1648 2355 plebi

474 2354 695 2407 Nomina
713 2396 725 2413 ,
756 2356 820 2408 nil
841 2374 1009 2427 praeter
1040 2360 1232 2413 tremuli
1253 2358 1400 2415 breve
1418 2358 1579 2433 fulgur
1598 2358 1796 2411 honoris
1811 2400 1827 2421 ‚

475 2426 716 2501 Vanaque
743 2431 912 2484 fallacis
945 2434 1214 2488 retulerunt
1239 2454 1494 2489 murmura
1517 2435 1672 2487 famae.
1885 2442 1892 2445 ’

550 2509 619 2556 At
646 2505 756 2563 tibi,
783 2509 1058 2562 Sarmaticae
1081 2510 1364 2563 dominator
1388 2509 1595 2562 maxime
1619 2508 1804 2583 gentis,

471 2578 633 2654 Digna
655 2579 962 2657 Jagellonum
983 2583 1198 2649 soboles,
1231 2606 1378 2661 quem
1400 2585 1591 2639 Vistula
1615 2603 1793 2656 nuper,

1626 2656 1971 2732 Turbatusque
