2133 3209
542 208 599 266 '34
993 198 1644 257 CAR0L1RUAE1

543 294 667 343 Tam
689 304 827 362 turpe
843 287 1023 343 facinus
1037 329 1049 348 ,
1066 307 1231 362 apage,
1247 308 1358 342 nec.
1377 333 1386 343 .
1403 326 1414 338 ·
1434 290 1582 345 Char.
1603 294 1880 365 Amyntam
1894 291 2048 348 vides:

537 366 733 441 Agath.
779 369 871 420 Per
897 382 945 418 te
968 363 1098 417 hunc
1117 363 1302 422 licebit,
1328 363 1540 429 Charile,
1565 366 1797 438 privatim
1827 368 2005 444 alloqui
2028 374 2046 434 ἒ

541 449 586 499 C
587 442 729 499 baril.
778 442 930 495 Licet.v
969 440 1106 494 Hinc
1126 440 1294 492 recede
1315 439 1464 494 miles,

922 587 1390 656 SCENA
1495 587 1621 657 11:

662 731 1319 796 AGATHOCLES,
1401 734 1900 792 AMYNTAS.v

1003 847 1568 890 AGATHOCLES

1420 974 1504 1028 Ah
1533 992 1543 1027 z
1588 974 1693 1049 quis
1727 990 1775 1027 te
1807 993 1922 1028 meo

537 1049 718 1104 Scelere
729 1049 1079 1123 implicat?quo
1097 1050 1303 1123 raperis?
1318 1052 1533 1128 Amynt.
1557 1052 1640 1104 Ad
1664 1067 1882 1104 mortem
1912 1058 2038 1117 reus}

528 1126 726 1202 Agath.
756 1130 886 1179 Reus
919 1126 1038 1198 ipse,
1075 1128 1213 1180 amici
1231 1124 1379 1179 dubia
1396 1125 1472 1177 cui
1493 1126 1588 1180 visa
1614 1127 1680 1178 est
1717 1125 1848 1182 fides,

532 1207 744 1275 Amynt.
769 1205 896 1257 Reus
918 1203 1014 1274 ipse
1037 1200 1185 1254 dubia
1205 1201 1338 1271 cujus
1364 1199 1621 1273 Agathocli
1646 1201 1765 1254 fides

529 1280 703 1329 Potuit
725 1276 889 1332 videri.
913 1276 1107 1354 Agath.
1147 1282 1338 1330 Amore
1361 1276 1444 1348 qui
1468 1276 1572 1330 solo
1605 1278 1669 1330 est
1698 1294 1825 1338 reuS,

530 1355 656 1406 Non
683 1354 765 1405 est.
790 1357 1021 1428 eAmynt.
1045 1356 1321 1406 Amantum
1349 1350 1472 1404 solus
1489 1355 1553 1405 est
1578 1352 1723 1423 judex
1749 1370 1909 1417 amon}

530 1431 651 1480 Hoc
676 1428 760 1501 qui
780 1447 960 1480 nocens
987 1429 1050 1480 est
1070 1426 1253 1496 judice,
1286 1426 1420 1481 hune
1451 1428 1608 1482 nullus
1637 1445 1785 1501 queat

528 1502 800 1559 Absolvere
823 1503 938 1558 alius
961 1501 1139 1556 arbiter
1170 1525 1181 1552 .·
1207 1502 1365 1557 solum
1388 1502 1483 1556 hoc
1505 1523 1674 1558 amans

526 1581 686 1633 Novit
719 1579 954 1640 tribunal,
980 1579 1084 1648 jura
1109 1578 1174 1632 nil
1200 1579 1384 1653 reliqua
1408 1579 1625 1636 aestitnat.

525 1656 721 1730 Agath.
732 1654 843 1708 Tibi
858 1655 993 1727 culpa
1006 1654 1136 1708 nulla
1152 1657 1451 1731 est.Amynt.
1467 1656 1649 1710 Pariter
1662 1657 1714 1707 δε
1735 1655 1873 1728 culpa
1887 1655 2031 1711 caresJ

524 1731 725 1806 Agath.
759 1734 816 1783 In
834 1751 976 1804 aequo
1007 1748 1212 1805 uterque
1240 1731 1273 1784 fi
1298 1731 1488 1794 sumus,
1509 1750 1592 1785 cur
1610 1750 1662 1785 tu
1692 1731 1868 1785 occidis
1891 1737 1906 1782 ἓ

523 1813 738 1879 ‚Amynt-
770 1807 926 1861 Pietas
946 1806 1111 1875 jubet:
1150 1825 1517 1880 quemcumque
1554 1827 1639 1860 rex
1660 1807 1832 1866 feriat,
1857 1827 2026 1863 necem

520 1879 678 1934 Dabit
702 1882 977 1936 immerenti
1007 1903 1016 1930 ε
1045 1882 1211 1936 tollere
1234 1899 1289 1936 ut
1312 1901 1551 1955 nequeam
1577 1883 1707 1935 nefas
1733 1922 1748 1941 ‚

520 1957 749 2011 Minuere
777 1959 969 2029 poffum
996 1978 1005 2005 :
1026 1958 1220 2031 gravius
1237 1958 1285 2011 in
1311 1976 1428 2012 nato
1450 1976 1590 2030 pater

519 2037 744 2086 Pecearet
761 2075 775 2096 ,
793 2033 841 2084 in
861 2052 940 2087 me
961 2033 1120 2089 levius.
1163 2033 1357 2110 Agath.
1413 2037 1486 2092 At
1507 2051 1666 2104 pereas
1687 2032 1828 2093 licet‚·

519 2110 676 2162 Perire
694 2110 790 2162 fine
811 2128 891 2161 me
911 2129 1014 2161 non
1035 2124 1186 2180 potes.
1222 2113 1433 2182 Amynt.
1459 2108 1662 2162 Possum
1689 2110 1831 2180 prius,

518 2188 623 2262 Ag.
657 2188 856 2258 Sequar.
883 2187 1012 2242 Am.
1051 2183 1369 2238 Antecedam.
1400 2187 1503 2258 Ag.
1531 2181 1769 2258 Prodigus
1792 2184 1901 2240 vitae
1933 2189 2014 2246 est,

672 2280 788 2313 nece
869 2304 882 2319 .

516 2333 600 2387 Nil
622 2337 876 2405 profutura
901 2335 985 2408 qui
1003 2335 1087 2389 fibi
1115 2336 1263 2390 vitam
1290 2334 1444 2406 eripit.

514 2415 729 2483 Amynt.
763 2413 847 2464 Est
869 2410 983 2464 lucis
1005 2413 1171 2466 avidus
1193 2450 1206 2469 ,
1232 2411 1345 2484 qui,
1377 2409 1501 2462 tueri
1521 2430 1670 2484 quem
1694 2413 1864 2487 nequit

511 2484 721 2539 Dubitat
747 2487 923 2559 praeire.
955 2488 1001 2541 Si
1032 2506 1196 2542 tamen
1217 2488 1275 2540 de
1305 2504 1352 2540 te
1377 2485 1610 2542 haetenus

512 2562 745 2624 Meruisse
787 2562 1047 2638 quicquam
1064 2564 1215 2627 licuit,
1243 2580 1522 2621 extremum
1543 2564 1591 2618 id
1626 2583 1796 2638 precor
1810 2584 1829 2626 ,·
