2133 3209
558 200 1163 254 PANEGYRICI.
1510 220 1602 264 ¹79

90 290 353 363 OEdipus,
385 288 592 341 incestos
612 286 722 339 orbi
743 288 984 341 confessus
1004 305 1200 342 amores

90 366 330 440 Expendit
349 363 549 437 propriis
570 363 788 417 fatorum
817 364 1014 417 crimina
1041 364 1216 436 poenis.

89 444 270 498 Rursus
294 457 570 523 tergeminae
592 439 874 492 fumantem
896 440 1124 516 sanguine
1143 438 1312 501 caedis,

93 524 403 573 Germanum
428 536 477 568 1n
497 519 702 587 Ρεέὶιιε,
729 515 839 568 tulit
866 517 994 588 asper
1019 518 1254 570 Horatius
1284 514 1479 568 ensem:

90 595 279 650 Rursus
308 596 360 644 δε
385 591 570 646 imbelli
594 589 830 644 tabescere
855 593 1011 645 nescia
1033 595 1178 655 fletu,

90 669 414 742 Dilectosque
441 668 531 723 viri
556 660 734 722 cine‘res
754 668 1016 741 patriaeque
1041 669 1243 737 jacentis

90 746 270 799 Tristes
291 744 524 818 relliquias
546 743 697 816 digno
720 745 977 814 complexa
1000 744 1172 798 dolore
1194 785 1208 804 ,

89 825 377 876 Romanum
404 819 628 892 explicuit
659 819 796 872 fortis
818 820 1047 874 Cornelia
1069 820 1238 877 robur.

93 902 271 971 Tuque
293 918 326 950 o
352 913 406 950 tu
433 897 593 952 vietor
621 900 784 970 generi
809 896 972 961 socer,
994 897 1126 951 ultor
1151 905 1206 954 &
1229 897 1363 951 idem

92 972 216 1036 Juli,
238 973 355 1028 acies
373 991 605 1045 rumpens
621 940 819 1025 Pharias
838 979 893 1028 &
918 971 1155 1057 inhospita
1176 978 1377 1049 Magno

89 1050 313 1114 Moenia,
334 1048 566 1123 sacrilega:
589 1049 869 1131 poscentem
900 1068 1092 1122 praemra
1112 1050 1250 1104 caedis

91 1125 389 1180 Semivirum
420 1123 665 1178 immerita
691 1124 896 1197 spoliasti
921 1126 1026 1179 luce
1055 1143 1340 1201 tyrannum

88 1204 174 1255 Tu
196 1219 399 1284 quoque
422 1200 670 1272 privat03‚
693 1203 943 1274 Auguste,
970 1202 1174 1255 domare
1195 1202 1384 1255 furores

89 1276 270 1335 Visus,
297 1280 350 1328 &
381 1276 631 1350 ingratum
655 1277 899 1358 parcendo
927 1277 1148 1352 frangere
1176 1278 1410 1333 Cinnam·

90 1357 164 1406 At
187 1352 292 1426 quis
316 1320 505 1405 felicem
536 1370 732 1425 gemma
760 1353 868 1422 post
900 1322 1074 1405 funera
1100 1352 1237 1425 prole

88 1428 408 1486 Mauritium,
436 1430 489 1478 ὅ(
514 1395 674 1480 dubiae
700 1427 929 1480 miserum
957 1428 1225 1482 discrimine
1243 1429 1388 1502 prolis
1404 1470 1418 1492 ‚

90 1504 212 1557 Inde
231 1503 474 1562 Phocam‚
499 1501 612 1555 hinc
632 1503 801 1555 stricto
823 1511 1024 1571 juvenes
1044 1505 1253 1577 pendere
1280 1505 1368 1560 sub
1392 1505 1498 1557 istu

88 1582 212 1633 Non
236 1580 448 1653 stupuit.
440 1595 447 1617 ¹
474 1578 599 1649 Qs
621 1598 759 1637 non,
786 1578 913 1632 Italis
942 1579 1264 1634 memorabile
1288 1580 1481 1655 probris

92 1655 270 1709 Sertori
300 1655 495 1709 exilium
519 1654 751 1712 miratus,
777 1657 830 1706 &
857 1656 1015 1726 aspera
1048 1655 1216 1709 Galbae

93 1730 328 1790 Consilia,
361 1735 414 1783 ὃς
443 1731 585 1802 spreti
607 1749 708 1782 non
730 1730 937 1804 longum
967 1729 1149 1783 crimen
1180 1731 1440 1785 Othonis?

92 1808 219 1875 Qis
241 1827 343 1860 non
378 1809 431 1858 δε
459 1805 657 1860 miseros
683 1776 1002 1877 Sophonisbae
1030 1825 1231 1881 agnovrt
1257 1827 1451 1862 amores

92 1882 419 1955 Sidoniosque
439 1880 654 1940 animos,
687 1880 810 1935 Latii
835 1902 948 1935 cum
970 1883 1129 1954 praeda
1159 1883 1393 1956 triumphi.

92 1958 296 2012 Barbara
325 1957 595 2011 Romuleos
618 1956 815 2010 calcaret
840 1959 1048 2012 foemina
1077 1960 1255 2023 fastu3,

94 2037 156 2087 Et
178 2034 356 2089 claram
379 2049 570 2104 raperet
590 2033 745 2105 sponfi
768 2034 828 2086 de
853 2052 1055 2086 munere
1076 2052 1307 2091 mortem.

171 2113 364 2165 Caetera
387 2108 504 2192 quid
529 2128 807 2162 memorem
829 2129 943 2183 quae
966 2128 1048 2182 per
1069 2126 1117 2163 te
1138 2111 1327 2165 reddita
1347 2110 1463 2167 vitre

93 2186 331 2261 Agmina,
360 2184 441 2237 se
431 2204 480 2237 in
500 2184 658 2237 lucem
684 2185 1007 2258 plausumque
1028 2186 1203 2240 dedere
1225 2187 1431 2242 theatri?

96 2267 163 2315 Et
195 2282 325 2315 nunc
355 2279 434 2333 par
464 2260 676 2333 reliquos
701 2278 811 2317 vitae
837 2261 1050 2335 lucisque
1071 2264 1256 2335 cupido

97 2338 326 2391 Sollicitat
347 2356 525 2390 manes,
570 2336 732 2391 Video
757 2338 968 2410 Cocytia
987 2358 1168 2393 c1rcum

97 2413 342 2476 Flumina,
363 2412 563 2467 turbam
593 2414 704 2467 atris
735 2433 1064 2486 nequicquam
1091 2413 1325 2471 effervere
1343 2416 1462 2491 ripis

97 2493 380 2563 Ingentem,
403 2491 745 2563 exanguesque
764 2489 845 2542 diu
873 2489 960 2542 tibi
986 2491 1185 2544 tendere
1206 2493 1406 2565 palmas

98 2536 380 2643 Imprimis
361 2565 541 2622 saevos
529 2584 580 2620 in
599 2565 789 2622 vincula
815 2565 992 2621 ducere
1012 2567 1174 2638 Persas
1188 2609 1209 2628 ,

1333 2644 1440 2717 Zij
