2133 3209
584 169 1245 219 MISCELLANEA.
1600 189 1676 234 ης

165 239 218 289 O
243 235 380 298 ratis,
405 234 533 290 ac'rio
557 237 637 289 seu
659 237 912 310 quondam
932 237 981 289 in
1004 236 1212 291 Volture
1244 235 1384 309 pinus

163 312 376 365 Immani
398 311 576 364 steteris
602 330 820 366 trunco:
845 315 928 366 seu
952 311 1206 366 frondibus
1227 313 1375 385 Alpes

162 388 421 445 Vestieris,
445 388 650 462 dignum
676 405 802 441 certe
822 408 1006 463 genuS,
1027 388 1215 472 altaque
1242 390 1384 462 sylvae

158 463 449 536 Progenies,
470 464 636 536 magni
655 465 838 518 servata
862 464 1081 517 Maronis
1100 485 1147 517 in
1175 465 1281 517 usus

162 509 365 590 Arbor:
396 558 521 591 onus
541 540 700 603 serva,
725 556 967 613 quantum
987 559 1075 593 nec
1097 539 1249 593 divite
1269 538 1421 593 mittit

160 613 297 666 India
319 614 464 666 dente
484 614 636 673 ferax,
658 634 818 686 neque
841 614 1015 667 nobilis
1037 615 1188 667 ubere
1217 613 1367 689 glebae

157 687 434 760 Memphis,
465 692 519 739 &
544 688 724 741 halanti
756 689 862 741 felix
887 689 1128 746 Panchaia
1152 691 1317 742 messe-

156 766 350 836 Nempe
370 763 457 817 tibi
478 764 709 818 Ausoniae
730 764 876 818 decus
903 768 956 817 &
983 766 1085 836 spes
1112 763 1260 818 altera
1286 769 1474 839 gentis,

156 838 326 892 Altera
351 859 527 912 nempe
549 838 722 892 animae
752 838 841 893 tibi
858 860 965 912 pars
987 843 1052 894 est
1075 839 1250 893 credita
1277 844 1478 895 nostrae:

156 918 276 968 Duc
301 935 471 987 precor
491 915 821 977 incolumem,
848 919 899 967 &
925 916 1134 988 speraris
1141 915 1354 970 redditus
1375 919 1470 971 oris

153 990 360 1044 Palladia
386 993 582 1044 tandem
612 1009 693 1062 per
718 1008 765 1042 te
784 991 999 1062 potiatur
1024 1011 1180 1044 arena.

224 1069 524 1140 Quanquam
549 1087 582 1118 o
605 1067 760 1140 lquid
782 1066 957 1120 dubios
981 1068 1131 1143 pelagi
1155 1085 1338 1123 tentare
1363 1069 1554 1123 furores

154 1145 301 1194 Mens
328 1144 447 1196 fuit?
466 1142 546 1195 Ah
567 1142 728 1195 lmale
753 1143 834 1206 sit,
851 1144 1036 1197 saevum
1061 1145 1143 1216 qui
1168 1145 1349 1216 primus
1376 1145 1427 1197 in
1445 1164 1614 1219 aequor

153 1218 350 1270 Ausus
339 1236 608 1289 inexpertas
632 1218 889 1271 devolvere
909 1219 1161 1273 montibus
1187 1219 1358 1279 alnos,

152 1298 218 1346 Et
253 1293 434 1347 volucri
456 1294 737 1365 inprudens
752 1313 967 1347 animam
991 1297 1303 1348 committere
1327 1299 1462 1348 flatu,

152 1371 273 1421 Non
299 1369 360 1422 illi
382 1369 621 1422 humanus
645 1388 766 1421 circa
793 1371 1055 1440 praecordia
1077 1371 1270 1454 sanguis

152 1444 346 1498 Fluxit·
335 1478 348 1500 2
370 1463 419 1498 at
439 1444 588 1496 innati
616 1445 745 1518 rigor
771 1450 995 1507 aer15,&
1027 1445 1172 1498 effera
1198 1446 1358 1500 vmxic

152 1522 318 1573 Corda
341 1519 574 1593 chalybs,
603 1520 769 1591 triplici
795 1523 910 1591 stup
913 1540 1081 1573 ierunt
1103 1521 1283 1574 robore
1302 1522 1523 1576 membra
1546 1542 1556 1570 ι

151 1598 319 1666 Qem
346 1617 447 1648 non
472 1596 639 1649 AEoliae
659 1596 817 1649 movit
847 1597 1080 1649 discordia
1106 1596 1261 1648 turbae
1286 1637 1298 1655 ‚

152 1675 272 1723 Non
297 1671 501 1746 Hyades
524 1671 695 1743 pluviae
722 1711 732 1728 ,
762 1691 860 1722 non
885 1671 1284 1743 praecipitantibus
1314 1673 1455 1724 Euris

152 1748 346 1800 Africus
370 1789 380 1805 ,
411 1766 493 1799 aut
515 1746 676 1821 gelidis
701 1765 882 1799 certans
914 1748 1243 1819 Aquilonibus
1276 1750 1452 1800 Auster
1477 1768 1485 1795 :

156 1822 350 1875 Arbiter
372 1822 608 1876 Hadriaci
636 1843 736 1893 quo
765 1842 864 1874 non
891 1824 1191 1895 praestantior
1217 1823 1333 1874 alter

151 1899 378 1971 AEquoris
403 1940 419 1959 ,
443 1899 617 1950 infestis
638 1899 718 1950 seu
742 1897 867 1950 bella
893 1918 1092 1951 movere
1114 1899 1327 1967 procellis
1355 1939 1368 1958 ‚

150 1975 345 2027 Fervida
372 1976 448 2026 {eu
471 1973 605 2026 molli
632 1973 809 2044 placeat
833 1975 949 2027 vada
971 1976 1175 2026 sternere
1206 1996 1332 2044 pace

219 2053 387 2118 Quam
412 2049 490 2101 leti
515 2050 714 2121 speciem
743 2049 935 2102 timuit·
925 2083 938 2103 2
962 2053 1099 2125 qui&
1069 2051 1262 2102 orandi}
1288 2049 1411 2102 siccis

151 2128 375 2177 Monstra
397 2125 581 2182 oculis,
604 2124 801 2197 altoque
822 2125 992 2178 inserta
1019 2127 1256 2178 Ceramia
1286 2126 1418 2177 coelo

150 2199 357 2253 Infames
379 2200 501 2253 vidit
523 2199 783 2272 scopulos:
807 2220 893 2253 nec
914 2220 1052 2254 rauca
1072 2201 1142 2252 so
1134 2219 1331 2253 nantem

151 2279 413 2329 Oceanum
441 2316 451 2333 ‚
477 2279 529 2327 ὅ(
559 2276 766 2329 tumidas
794 2278 1070 2349 surgentem
1093 2277 1282 2346 expavit
1305 2276 1352 2327 in
1375 2276 1475 2331 iras,

148 2355 351 2426 Ergone
372 2351 592 2404 tellurem
623 2351 916 2404 discordibus
940 2351 1133 2403 abscidit
1155 2352 1294 2404 undis
1317 2393 1330 2411 ‚

151 2432 215 2479 Et
238 2428 386 2481 varias
414 2427 600 2500 liquido
620 2426 835 2480 discrevit
860 2427 1010 2479 limite
1041 2445 1209 2498 gentes

151 2502 495 2578 Nequicquam
521 2506 655 2556 Deus
677 2522 692 2558 5
718 2522 771 2557 ut
794 2503 949 2557 sacros
972 2503 1080 2556 ratis
1103 2502 1249 2576 impia
1266 2504 1448 2557 fluctus
