2133 3209
559 241 644 285 168
1004 233 1347 284 CAROLI
1416 233 1644 284 RUAEI

559 327 670 377 Aut
690 324 859 379 Paduli
882 343 1056 398 caput,
1085 344 1169 378 aut
1197 324 1434 379 Smechtae
1459 323 1704 400 frigentis
1692 344 1743 377 1n
1764 321 1939 386 herba,

558 404 741 473 Irrepat
766 402 937 473 sopor
934 410 945 441 Ι
975 403 1050 453 Ut
1071 400 1183 453 laeto
1213 399 1456 455 Neuhufia
1479 401 1676 454 lustrem

563 479 725 528 Antra
750 478 906 547 pede
902 484 914 517 Ι
944 479 1017 528 Ut
1041 476 1205 548 plenus
1225 477 1345 530 mihi
1371 477 1562 548 proluat
1591 496 1674 529 ora
1698 473 1936 548 Visurgis,

560 554 684 604 Non
706 551 892 604 levibus
913 568 1107 604 tantum
1128 554 1337 606 numeris
1361 553 1612 627 fragilique
1631 552 1815 604 cicuta·
1804 582 1817 604 2

562 626 693 679 Bello
718 627 892 688 etiam,
918 630 989 678 δι’
995 628 1143 681 raucis
1175 628 1353 682 assueta
1380 598 1636 681 sonoribus
1659 626 1816 684 unda,-

562 704 625 753 Et
650 700 845 756 Phoebo
874 706 927 754 &
958 704 1110 756 Marti
1130 704 1256 757 sacer
1280 705 1447 757 amnis.
1478 709 1550 757 At
1570 705 1662 775 ipsa
1682 702 1956 773 loquuntur

566 780 689 829 Saxa
709 797 932 851 quoque,
961 782 1012 829 δε
1039 779 1200 853 rigidae
1224 781 1441 833 fundunt
1467 779 1542 863 hic
1566 795 1776 832 carmina
1798 794 1953 846 rupes,

362 910 507 924 rrrrrrrrrrr

362 925 475 993 3252„
429 935 478 956 Μ
487 934 534 989 {2¹²⁵
564 932 705 981 Facta
728 947 945 999 patrum,
972 933 1024 980 ὃς
1050 931 1210 1001 pofito
1231 930 1514 985 redivivam
1543 945 1788 983 marmore
1817 925 1972 982 fama,

360 997 515 1060 fig-n
563 1005 915 1087 Saxonicaeque
938 1005 1092 1079 fugae,
1121 1009 1573 1088 Romanorumque
1595 1004 1808 1060 labores,

560 1084 625 1132 Et
650 1099 863 1151 primum
884 1080 1050 1133 Franci
1072 1100 1261 1155 generis
1292 1081 1466 1142 decuS,
1490 1079 1721 1133 omnibus
1740 1077 1861 1151 agris

559 1155 840 1227 Sylvisque,
863 1156 1139 1239 fluviisque,
1167 1160 1222 1208 ὅ(
1253 1155 1549 1210 culminibus
1573 1154 1832 1228 praeruptis.

559 1231 651 1300 Ipsi
673 1232 795 1283 adeo
822 1251 1034 1284 memori
1062 1233 1230 1305 signati
1259 1233 1468 1285 carmine
1492 1232 1653 1284 fontes

559 1309 706 1358 Dum
727 1307 916 1378 trepido
949 1307 1144 1382 fugiunt
1171 1307 1275 1360 loca
1302 1327 1383 1379 per
1405 1307 1601 1360 declivia
1619 1307 1775 1379 lapsu,

558 1381 734 1432 Nescio
758 1382 875 1463 quid
905 1383 1153 1455 strepitant
1185 1383 1513 1435 modulatius:
1537 1382 1629 1453 ipsa
1659 1400 1838 1434 canoro

558 1456 771 1509 Stridula
793 1477 906 1510 cum
929 1456 1127 1512 fremitu
1158 1458 1311 1513 ventis
1341 1458 1597 1529 impellitur
1619 1457 1785 1509 arbor:

558 1534 743 1601 Sponte
770 1531 894 1586 leves
920 1533 1065 1587 etiam
1092 1553 1284 1590 cannae,
1316 1533 1548 1605 juncique
1573 1532 1825 1605 palustres,

555 1608 797 1658 Mutato
787 1628 836 1659 in
860 1608 1057 1670 melius,
1085 1628 1189 1682 quo
1215 1608 1321 1661 lus1t
1348 1608 1537 1667 fabula,
1563 1610 1814 1670 monstro,

557 1682 692 1734 Aeris
713 1682 874 1754 illapsu
900 1684 1092 1737 tremuli
1117 1682 1430 1757 zephyrisque
1457 1684 1656 1755 receptis

554 1758 861 1811 Pernandum
884 1761 1112 1811 resonant
1133 1758 1249 1812 laeto
1273 1759 1609 1812 modulamine
1636 1775 1815 1813 vatem.

396 1843 525 1899 ,ᾓάζξξςξ-
626 1833 775 1885 Pallor
799 1842 817 1888 Ι
847 1854 905 1885 an
926 1834 1019 1905 ipse
1044 1835 1194 1908 lyram
1223 1837 1424 1888 Dircaeo
1456 1833 1735 1907 Amphione
1762 1843 1920 1909 major

353 1887 398 1940 ’ἦ
401 1916 528 1935 ‘‘‘‘‘‘‘‘
554 1909 756 1980 Increp
747 1909 800 1961 it
821 1909 1074 1980 princeps?
1109 1909 1272 1962 Video
1296 1913 1565 1985 turgescere
1589 1910 1727 1981 plana

553 1985 845 2047 Terrarum,
871 1987 925 2035 &
950 1985 1067 2038 saltu
1091 1986 1265 2037 dociles
1289 1986 1526 2061 assurgere
1549 1985 1709 2061 glebas
1725 2025 1739 2044 ‚

553 2059 850 2142 Auritosque
874 2060 1002 2113 ultro
1021 2060 1227 2133 lapides
1216 2062 1428 2136 ingentia
1448 2063 1628 2115 circum

551 2134 747 2187 Moenia
771 2138 823 2185 ὃ(
856 2136 1024 2188 eversis
1055 2137 1253 2189 nudatas
1267 2107 1533 2189 &moenibus
1560 2136 1704 2190 urbes

548 2210 608 2260 In
635 2210 888 2263 cumulum
913 2211 1186 2284 glomerari.
1232 2211 1330 2264 Alii
1351 2213 1441 2263 sese
1464 2212 1640 2264 abdere
1663 2229 1784 2264 terra

549 2285 957 2340 Fundamentum
979 2287 1133 2358 operis
1160 2307 1167 2334 :
1192 2306 1451 2339 murorum
1478 2286 1525 2339 hi
1549 2290 1751 2339 sternere
1777 2287 1986 2341 molem:

551 2359 625 2409 Hi
658 2361 864 2444 spatium
884 2360 1017 2414 foffae
1047 2366 1100 2414 δε
1134 2363 1358 2417 convexis
1388 2364 1553 2416 cedere
1581 2361 1758 2434 portis,

548 2436 799 2506 Aggeris
788 2455 933 2509 inque
955 2437 1103 2492 aciem
1135 2457 1436 2510 procurrere,
1466 2445 1520 2493 ὃς
1540 2438 1632 2491 alta
1658 2437 1831 2491 m1nari

550 2510 629 2560 Ad
657 2509 825 2573 latera,
849 2529 932 2564 aut
956 2518 1142 2567 restam
1166 2514 1323 2568 loricae
1349 2513 1614 2567 obtendere
1637 2514 1868 2567 frontem.

548 2585 653 2637 Nec
677 2606 816 2641 mora
844 2607 1034 2663 magnae
1056 2609 1216 2656 arces,
1249 2594 1302 2644 &
1329 2590 1690 2666 propugnacula
1710 2592 1939 2672 surgunt.-

1802 2665 2050 2718 Mirantur
