2133 3209
458 249 479 287 ε
874 228 1225 280 -cAROLI
1317 229 1546 280 RUAEI

807 339 1278 409 SCENA
1415 341 1613 407 III.

611 468 1294 527 LYSJMACHvs,
1335 465 1836 527 QARSJNOE·„

794 568 1226 619 CEPHALUS,
1260 566 1654 609 PHAEDJMA‚>

1033 659 1413 708 ARsiNoss

922 768 1085 839 Qod
1105 787 1264 822 novas
1287 784 1527 823 moveam·
1544 782 1715 840 preces

461 848 592 899 Tam
617 845 778 897 subita
803 863 815 903 3
840 850 1043 916 gravius
1067 885 1080 905 ‚
1106 862 1202 894 oro
1218 885 1233 906 ,
1251 862 1315 894 ne
1342 849 1537 916 conjux
1561 840 1714 893 feras:

459 925 560 972 Res
582 919 679 993 ipsa
704 921 863 992 cogit.
906 921 1070 993 lgystm.
1096 918 1263 990 Qod
1283 936 1430 991 rogas
1447 960 1461 981 ,
1479 922 1674 989 conjux
1692 957 1707 978 ,
1728 915 1900 968 habes,

458 998 615 1047 Nunc
637 992 800 1044 fruere
820 994 956 1045 votis
977 1016 988 1045 ε
1014 1011 1141 1048 vota
1159 1012 1298 1044 nunc
1328 993 1538 1045 demum
1563 990 1773 1064 impleo.

460 1070 607 1120 Abiit
635 1067 872 1120 Seleucus
893 1088 904 1116 :
928 1069 1102 1120 vincat
1121 1109 1136 1129 ‚
1161 1067 1414 1119 obstrinxi
1436 1067 1592 1119 fidem
1608 1108 1623 1129 ‚

458 1143 737 1215 Regnabit.
778 1140 964 1211 eArstn.
995 1144 1120 1193 Hoc
1145 1159 1228 1192 me
1250 1159 1490 1202 munere,
1513 1141 1616 1191 hoc
1630 1155 1810 1190 natum
1835 1140 1984 1198 beas3

459 1217 519 1267 Id
539 1223 638 1285 jam
661 1216 759 1266 scio
781 1255 794 1276 ,
817 1231 1113 1286 gratosque.
1148 1215 1307 1264 Nunc
1332 1229 1507 1277 tutum
1523 1231 1582 1265 ut
1603 1211 1726 1267 velis

460 1286 696 1341 Praestare
721 1306 904 1339 munus
931 1326 944 1348 ‚
972 1289 1026 1354 id
1056 1286 1216 1340 modo
1233 1328 1247 1349 ‚
1269 1286 1323 1337 id
1342 1285 1553 1361 supplex
1575 1306 1724 1362 rogo.

461 1366 627 1442 Lysim,
666 1363 916 1414 Praestabo
941 1368 1154 1436 conqu.
1196 1361 1418 1434 Arfinoe.
1447 1365 1603 1416 Instat
1618 1361 1933 1436 Agathocles
1961 1404 1982 1426 ,

724 1455 882 1509 prope
914 1439 1008 1490 est:

461 1514 721 1565 Obstabit.
773 1513 937 1589 Lystm.
965 1511 1222 1584 Equidem
1244 1513 1409 1585 gentis
1431 1509 1780 1586 Agathoclem-
1802 1509 1984 1571 favor}

459 1589 736 1659 Virtusque
763 1592 817 1639 &
843 1602 957 1638 aetas
983 1592 1144 1658 major
1164 1587 1227 1638 ad
1244 1585 1427 1638 solium
1454 1587 1647 1641 evehit.

458 1665 657 1714 Meritis
682 1659 920 1712 Seleucus
943 1678 1129 1733 praeeat
1144 1702 1157 1723 ‚
1176 1667 1230 1714 &1
1245 1659 1390 1712 factis
1414 1658 1497 1713 sua

460 1737 569 1786 Sibi
586 1743 698 1808 jura
722 1737 899 1806 pariat.
941 1739 1062 1786 Fata
1078 1733 1112 1786 si
1134 1735 1354 1807 palmam
1375 1754 1607 1787 annuunt
1626 1779 1646 1800 ‚.

457 1811 523 1863 Et
553 1807 690 1864 versa
711 1810 855 1882 regni
884 1808 1067 1861 decora
1095 1851 1107 1872 ‚
1140 1808 1426 1882 lapsamque
1453 1813 1603 1884 erigit

460 1887 644 1956 Capite
666 1902 912 1935 coronam
928 1909 937 1934 :
954 1882 1083 1935 solus
1105 1884 1409 1957 Agathoclis
1427 1884 1603 1937 locum
1737 1943 1741 1946 ,

458 1957 700 2030 Implebit
728 1958 898 2009 haeres.
933 1959 1117 2030 QArfin.
1147 1957 1294 2011 Solus
1323 1977 1381 2010 ut
1403 1977 1606 2032 regnet,
1633 1961 1748 2016 vide

458 2036 538 2086 Ut
557 2031 685 2083 solus
713 2050 834 2104 ergo
865 2036 1056 2085 vincat.
1086 2034 1360 2105 Impatiens
1387 2033 1529 2085 dolet
1554 2075 1568 2095 ,

461 2109 601 2157 Furit
628 2105 942 2178 Agathocles
963 2130 974 2158 ι
1009 2106 1254 2158 creditam
1273 2106 1415 2156 fratri
1440 2106 1639 2160 invidet

464 2181 728 2232 Summam
751 2176 842 2228 effe
861 2179 980 2232 belli
1009 2203 1019 2231 z
1047 2179 1205 2230 laudis
1230 2180 1434 2231 admitti
1455 2182 1601 2251 jubet

461 2258 519 2306 In
547 2271 742 2325 partem
760 2296 773 2317 ,
793 2258 847 2305 δέ
868 2256 993 2306 urbe
1024 2254 1209 2326 quaerit'
1224 2256 1276 2304 in
1298 2255 1450 2305 castra
1471 2257 1696 2308 exitum:

464 2333 589 2381 Huc
609 2327 831 2380 advolat.
871 2329 1037 2404 Lystm.
1065 2330 1304 2379 Fraenabo
1330 2329 1605 2398 juvenilem
1623 2332 1870 2405 impetum
1885 2333 1905 2397 ,¹
1936 2366 1940 2370 ·

465 2405 684 2455 Animos
710 2399 901 2453 feroces
925 2404 1276 2474 comprimam.
1307 2402 1460 2456 Mene
1486 2423 1632 2457 exeat

469 2476 690 2530 Vidente
705 2516 720 2539 ‚
741 2497 822 2529 me
843 2494 1048 2531 vetante
1068 2492 1082 2529 ἓ
