2133 3209
530 220 622 276 1²76
1016 216 1368 268 CAROLI
1432 214 1675 268 RUAEI

895 339 1264 393 NUMMI
1351 337 1669 393 AUREI

598 483 748 552 AB
833 443 1268 552 EODEM
1359 476 1965 551 PRINCIPE

949 630 1234 680 DONO
1326 628 1626 691 Μιεει,γ

1026 751 1562 839 PYXIS·

691 908 774 960 EN
789 924 852 959 ιτ
884 901 1120 958 fertilibus
1142 905 1333 960 Paderae
1362 903 1481 959 mihi
1504 923 1683 959 munus
1707 903 1768 958 ab
1797 902 1891 958 oris

692 983 898 1056 IngenS,
932 980 1106 1034 excuso
1127 980 1302 1053 spirans
1324 980 1643 1034 Fernandus
1632 1000 1680 1032 m
1711 1000 1848 1034 auro,

529 1060 683 1111 Nunc
709 1076 822 1132 age,
849 1057 883 1110 s1
908 1057 1016 1131 quis
1038 1056 1147 1110 ades
1176 1059 1388 1115 GeniUS‚
1419 1056 1670 1131 fidamque
1704 1055 1859 1127 po'e'tis

529 1137 632 1185 Das
659 1152 886 1205 operam,
912 1151 968 1186 ut
988 1131 1283 1206 perhibent.
1307 1131 1447 1185 celeri
1469 1131 1588 1186 mihi
1610 1135 1834 1204 protinus
1858 1130 1932 1184 ala

535 1212 686 1261 Trans
713 1228 867 1268 mare,
899 1226 1026 1263 trans
1048 1209 1222 1263 clausas
1247 1213 1455 1280 Europae
1477 1208 1629 1263 limite
1650 1224 1840 1282 gentes,

533 1284 797 1339 Materiem
822 1303 930 1357 pete
962 1305 971 1333 :
1001 1285 1243 1339 servando
1268 1304 1376 1358 quae
1401 1284 1668 1337 commoda
1692 1303 1932 1347 nummo,

532 1360 725 1434 Pyxidis
752 1364 1015 1435 angustum
1041 1360 1171 1413 coelo
1203 1361 1416 1434 fingatur
1445 1360 1495 1411 in
1523 1359 1712 1430 orbern.

603 1440 681 1488 Ne
706 1452 869 1489 tamen
894 1440 1003 1489 Eoo
1030 1435 1244 1489 lucentes
1273 1453 1468 1507 aequore
1502 1453 1719 1509 gemmas
1738 1474 1752 1493 ,

531 1509 718 1564 ⁴Abdita
739 1532 836 1565 neu
870 1512 1013 1566 fulvae
1037 1511 1257 1584 populari
1283 1511 1457 1564 viscera
1487 1528 1622 1563 terrae

538 1587 611 1640 Sit
636 1587 772 1640 labor
798 1610 806 1636 ε
832 1587 933 1640 haec
965 1590 1142 1641 nostrae
1163 1607 1267 1640 non
1292 1590 1357 1640 est
1378 1605 1458 1658 par
1481 1586 1617 1657 copia
1643 1585 1758 1638 sorti
1775 1625 1788 1644 ,

537 1667 644 1716 Nec
672 1681 832 1716 tantus
855 1664 912 1715 de
935 1683 1014 1715 me
1037 1664 1188 1735 sperat
1212 1662 1297 1715 fibi
1329 1663 1435 1715 talia
1463 1662 1702 1732 Princeps,

608 1743 680 1791 At
711 1758 870 1811 neque
892 1759 1014 1810 opus
1035 1738 1183 1791 rutilo
1212 1739 1398 1791 ferrum
1420 1736 1507 1789 tibi
1530 1737 1720 1790 strideat
1741 1736 1836 1812 igni
1850 1736 1867 1800 ,'

537 1817 777 1888 AEreaque
809 1814 995 1867 alterno
1020 1815 1287 1898 gracilescat
1318 1814 1513 1867 bractea
1541 1814 1701 1884 pulsu

540 1894 666 1943 Haec
688 1891 783 1943 aliis
809 1891 1069 1963 permittes
1091 1889 1176 1942 feri
1198 1910 1322 1963 quos
1344 1890 1514 1943 Martis
1541 1888 1776 1945 honores,

539 1969 602 2017 Et
625 1967 778 2019 fluido
803 1987 1005 2020 manans
1031 1966 1238 2019 delectat
1259 1966 1488 2040 sanguine
1512 1964 1688 2019 laurus

541 2044 718 2116 Longe
739 2042 823 2095 alia
844 2042 1004 2096 suetus
1026 2043 1242 2096 frontem
1269 2041 1355 2094 sibi
1376 2042 1566 2116 cingere
1593 2041 1754 2100 lauro,

541 2120 709 2189 Qiem
736 2117 878 2177 colis,
905 2119 1102 2173 Amifiae
1128 2135 1354 2194 regnator
1382 2119 1557 2188 pacifer
1578 2117 1746 2170 undae.

542 2190 743 2247 Nescius
766 2212 1044 2253 armorum,
1072 2198 1125 2246 ὃς
1149 2163 1262 2246 ferri
1284 2193 1398 2246 nihil
1420 2192 1609 2266 indigus
1636 2191 1789 2245 heros

601 2272 686 2322 Tu
718 2269 894 2345 magis,
927 2269 1135 2343 antiquae
1158 2269 1336 2323 lustra
1326 2286 1449 2323 mter
1471 2268 1608 2323 devia
1631 2268 1772 2341 fylvae

546 2343 712 2417 Siqua
738 2314 856 2398 latet
887 2345 1036 2400 firmis
1058 2344 1243 2399 haerens
1262 2344 1496 2400 radicibus
1519 2343 1689 2408 arbos,

544 2421 775 2474 Necdum
798 2423 958 2494 quassa
978 2422 1134 2484 notiS,
1165 2422 1376 2475 necdum
1410 2420 1540 2475 Jovis
1565 2420 1677 2472 alite
1697 2420 1891 2475 flamma
1906 2437 1923 2489 3¹

548 2498 696 2548 Hanc
719 2497 870 2550 sacros
893 2515 1055 2570 aptare
1084 2497 1200 2551 nihil
1221 2502 1478 2552 cunctatus
1501 2496 1551 2549 in
1575 2497 1684 2549 usus
1701 2537 1717 2557 ,

546 2572 666 2645 Q
692 2572 823 2647 viget
846 2575 1012 2629 enodis
1036 2573 1200 2629 scabro
1230 2573 1317 2628 sub
1344 2572 1520 2628 cortice
1551 2571 1726 2631 moles,
