2133 3209
341 223 805 276 LYSIMACUS
873 221 1192 276 TRAGOE
1221 229 1265 277 D
1293 228 1394 277 1A:
1559 243 1617 298 ‘43

213 386 711 481 ‘ACTUS
815 387 1521 486 QUINTUS·

538 547 576 612 S
645 545 701 611 C
762 545 813 612 E
872 546 942 614 N
1005 544 1072 612 A
1172 549 1219 616 I-

217 676 891 740 }AGATHOCLEs,
936 680 1510 758 CASSANDER·;

596 826 1092 880 CASSANDER.

115 979 369 1117 NAM
382 999 484 1054 quo
496 979 745 1052 impotens
757 979 818 1032 s1c
829 979 1090 1050 raperis-'A
1089 1001 1134 1054 g.
1144 979 1419 1039 Abfiste‚ad
1429 995 1618 1053 patrem

279 1057 423 1111 Adire
440 1072 625 1109 certum
643 1057 724 1108 est.
744 1063 786 1111 C
789 1054 976 1128 affand.
990 1053 1124 1108 Nihil
1136 1056 1230 1131 agis
1244 1095 1257 1114 ‚
1270 1055 1403 1123 jacta
1420 1056 1516 1110 alea
1530 1058 1614 1116 est,

115 1132 290 1186 Nullus
313 1136 366 1184 ὃς
388 1136 664 1204 Amyntam
687 1131 846 1184 funeri
871 1129 1039 1202 eripiat
1063 1135 1224 1186 Deus,

113 1208 324 1284 eAgath.
349 1205 591 1260 Tentabo.
607 1206 732 1279 Caffi
747 1205 896 1258 Patris
917 1224 1094 1276 nempe
1114 1226 1470 1282 procerumque
1487 1206 1618 1262 irrita

111 1281 295 1337 Judicia
314 1281 483 1336 facies?
501 1280 711 1355 QAgath.
739 1283 869 1334 Nam
893 1279 998 1353 quis
1022 1281 1117 1333 hoc
1138 1281 1305 1338 leviter
1324 1286 1444 1338 ferat
1464 1301 1477 1339 ε

108 1359 267 1413 Morti
292 1359 522 1411 innocens
558 1360 815 1410 damnatur
835 1396 855 1416 ,
882 1355 1079 1427 eripitur
1099 1374 1220 1410 reus,

113 1435 339 1508 Caſj‘and.
363 1435 544 1487 Procul
561 1434 645 1486 ista
669 1431 809 1486 mitte
832 1473 845 1491 ‚
873 1431 1034 1485 nullus
1058 1433 1204 1486 errori
1221 1434 1424 1506 amplius

110 1512 383 1584 Dubioque
402 1509 536 1564 locus
562 1511 652 1562 est:
676 1525 801 1562 certa
826 1528 920 1561 res:
939 1527 1094 1562 unum
1113 1505 1208 1562 hoc
1236 1527 1370 1582 peto,

109 1590 302 1640 Fateare
317 1612 325 1640 :
342 1584 480 1656 jubet
499 1585 594 1639 hoc
614 1584 807 1661 genitor
822 1627 842 1648 ,
865 1584 960 1637 hoc
979 1602 1195 1656 proceres
1215 1603 1415 1661 rogant:

112 1662 249 1715 Certi
271 1679 433 1716 tamen
448 1703 466 1724 ,
500 1680 847 1735 quamcunque
869 1677 915 1713 te
931 1660 980 1712 in
998 1676 1186 1732 partem
1211 1661 1355 1725 feraS,

111 1737 302 1811 Urgere
314 1755 462 1811 porro
479 1755 655 1810 coepta.
700 1736 890 1814 Agath.
930 1736 977 1790 Si
993 1752 1154 1807 coepta
1186 1737 1356 1811 exequi

107 1814 194 1866 Est
217 1814 406 1867 animus
422 1853 436 1870 ‚
461 1813 581 1867 ultra
598 1812 716 1886 quid
733 1827 937 1887 rogant?
961 1810 1078 1883 quid
1099 1830 1179 1866 me
1199 1811 1340 1867 irritis

106 1889 332 1943 Precibus
348 1888 548 1963 fatigas?
572 1888 802 1963 Caffand.
825 1887 1020 1943 sobolis
1046 1902 1101 1940 ut
1123 1906 1336 1945 mortem
1358 1890 1539 1966 aequius

106 1964 291 2018 Saltem
307 1966 426 2017 ferat
447 1984 655 2020 noverca
678 2005 691 2024 ‚
727 1967 782 2015 &
810 1963 990 2033 injusto
1024 1962 1114 2016 fibi

104 2036 134 2092 J
139 2040 295 2093 udicio
312 2045 584 2111 Amyntam
608 2040 791 2092 desmat
810 2054 1008 2111 raptum
1030 2038 1194 2111 queri:

105 2117 264 2179 Quod
286 2121 379 2188 jam
401 2115 552 2186 liquet
566 2156 579 2175 ‚
598 2115 761 2168 fatere.
793 2111 985 2191 Agath.
1007 2115 1350 2190 Nequicquam
1374 2118 1568 2187 auribus

105 2190 423 2266 Obloqueris:
444 2188 538 2244 hoc
556 2210 766 2246 noverca
784 2190 921 2262 quod
942 2189 1161 2263 queritur
1174 2230 1188 2250 ‚
1218 2211 1398 2269 queror
1416 2216 1433 2264 Ξ

103 2269 195 2319 Me
216 2288 296 2320 me
317 2267 499 2340 parenti
520 2268 646 2320 fisto.
676 2265 834 2342 Qod
860 2264 988 2319 nulla
1010 2283 1160 2339 queas

18 2359 20 2361 ¹
104 2341 171 2393 Vi
195 2342 371 2403 facere,
392 2342 591 2399 stultum
615 2345 680 2397 est
702 2341 916 2421 persequi
938 2367 948 2396 :
974 2341 1174 2414 ulterius
1198 2362 1360 2401 moras

105 2418 228 2472 Non
253 2419 425 2494 patior.

1304 2564 1411 2640 Fij
