2133 3209
517 213 573 254 68
935 210 1330 261 ‘CAROLI
1397 209 1634 261 RUAEt

515 292 605 348 Sed
631 293 800 350 vincor
824 316 832 341 τ
855 295 919 348 ira
937 295 1087 352 cedit,
1116 298 1167 345 ὅ(
1190 312 1376 366 patrem
1399 295 1603 354 obtines,

512 375 619 424 Nec
640 374 703 424 est
730 371 967 443 triumphi
987 388 1032 423 te
1055 388 1198 442 penes
1219 373 1343 424 tanti
1371 373 1535 425 decus:

512 450 666 515 Penes
695 465 940 520 parentem
964 449 1045 499 est.
1093 450 1218 500 Haec
1239 445 1608 523 inexpugnabile

515 523 716 597 Subegit
740 543 836 575 una
859 528 1051 594 pectus,
1081 521 1193 575 huic
1219 541 1380 576 rerum
1400 524 1518 577 {alus

512 597 798 654 Referenda.
843 607 885 654 C
872 620 1013 676 yms.
1048 603 1212 651 Tanto
1233 599 1405 653 scilicet
1431 618 1600 655 natum
1629 599 1864 672 imparem
1915 593 1920 597 ’

514 676 674 747 Operi
693 692 834 745 Juvat
851 676 1014 733 fuisse,
1040 676 1145 749 quo
1171 676 1286 729 faeti
1306 696 1472 749 parens

512 751 730 806 Laudem
752 752 965 807 referret.
1023 752 1162 804 Tolle
1177 795 1189 815 ‚
1217 752 1301 827 qui
1324 755 1561 826 superest,
1583 770 1802 807 metumt

511 832 621 882 Nec
643 828 862 902 longiore
886 828 1029 881 differ
1051 829 1276 900 ancipites
1298 849 1453 883 mora.

512 906 692 958 Unum
714 903 808 957 hoc
834 921 1055 976 precatur
1081 904 1202 967 filia,
1224 904 1318 960 hoc
1343 926 1501 959 unum
1525 924 1691 977 nepos.

513 983 661 1058 Asty.
688 982 861 1033 Vnum
881 982 980 1035 hoc
998 1000 1115 1033 avus
1142 980 1362 1039 vicissim,
1387 985 1440 1032 ὃς
1465 979 1560 1034 hoc
1582 1001 1738 1035 unum
1760 994 1895 1052 pater

513 1055 625 1110 Jam
648 1073 841 1128 repeto·-
865 1057 938 1111 lex
966 1057 1067 1109 haec
1083 1056 1237 1110 unica.
1271 1055 1494 1128 Implebis
1520 1062 1543 1110 ,Ρ
1569 1064 1611 1112 C
1607 1079 1741 1136 yms.
1767 1054 1906 1110 Jube.

513 1136 575 1188 A
575 1133 627 1204 st
645 1132 834 1185 Parebis
850 1137 874 1186 ?
888 1137 995 1210 Cyr.
1018 1131 1207 1186 Adsum
1229 1135 1415 1205 praestO.
1435 1135 1542 1207 Ast.
1560 1132 1854 1207 Cambysen]
1872 1126 2024 1184 dabo:

513 1211 645 1260 Date
666 1209 991 1280 proditorem,
1016 1208 1194 1263 sceleris
1213 1209 1445 1262 artificem
1466 1208 1627 1279 impii,

515 1285 673 1358 Regni
696 1285 827 1337 luem
843 1303 1129 1359 regumque.
1169 1285 1307 1355 Qd
1327 1284 1493 1338 tacitus
1515 1286 1707 1356 stupes?

518 1366 562 1414 C
553 1381 691 1432 yrns.
716 1365 842 1438 Qo
868 1361 1069 1413 nomina
1087 1361 1263 1414 abeant
1288 1362 1402 1418 ista,
1427 1379 1576 1433 quem
1595 1376 1727 1412 certo
1745 1356 1962 1410 indicent
1976 1374 1995 1414 ‚‘

515 1437 761 1507 Expendit
775 1436 977 1490 animus,
993 1439 1101 1511 Ast.
1116 1441 1406 1512 Harpagum
1425 1436 1614 1510 ignoras
1626 1441 1650 1488 ,Ρ
1662 1433 2023 1495 MandPater,

512 1512 653 1577 Quid
662 1513 883 1585 <loqueris
901 1518 925 1566 ,Ρ
939 1512 1060 1566 hanc
1081 1514 1213 1584 spem
1231 1513 1409 1566 feceras
1425 1516 1450 1565 ?
1467 1532 1571 1585 quo
1588 1529 1634 1565 te
1660 1510 1802 1562 dolor

519 1589 715 1641 Avertit
732 1595 756 1644 ,Ρ
783 1596 826 1644 C
818 1610 954 1667 yms.
974 1592 1094 1643 Hoc
1119 1606 1315 1661 paterna
1337 1589 1425 1640 stet
1445 1587 1602 1660 pretio
1621 1585 1766 1641 salus!

517 1665 615 1717 Pro
638 1682 774 1736 parte
793 1665 953 1720 vinclis
974 1669 1268 1740 Harpagum
1290 1665 1400 1717 dedi
1419 1663 1571 1718 velis?

519 1746 690 1821 cAs‘Yy.
720 1747 784 1794 Et
813 1740 1024 1815 nuptiale
1053 1742 1213 1795 foedus
1237 1740 1462 1812 abrumpi
1491 1740 1623 1794 volo.

521 1819 695 1890 Cyrus.
721 1821 798 1870 Tu
820 1820 982 1870 sancta
1003 1817 1179 1871 amoris
1202 1817 1329 1885 jura,
1353 1836 1407 1869 tu
1436 1816 1596 1888 {ubeas
1616 1816 1766 1868 fidem

520 1891 715 1944 Violare
739 1897 763 1944 ,Ρ
791 1897 932 1970 Asty,
954 1892 1077 1945 Mihi
1100 1910 1153 1946 tu
1177 1893 1452 1965 Palmyram
1478 1892 1711 1945 obtrudas
1742 1893 1958 1943 nurum?

524 1975 699 2048 Cyrus.
726 1962 1200 2041 Cufperfidum-me
1220 1969 1321 2022 fieri
1336 2011 1347 2031 ‚
1368 1976 1420 2022 δε
1442 1969 1689 2042 ingratum
1709 1966 1844 2035 jubes
1858 1972 1883 2019 ,Ρ

522 2047 664 2118 Asty.
694 2049 802 2098 Cur
825 2045 1079 2118 proditum
1110 2045 1399 2104 mevivere,
1425 2048 1476 2096 ἃ
1497 2045 1708 2098 multum
1730 2042 1904 2111 jubes?

525 2125 695 2191 Cyrus.
726 2122 798 2174 Sic
825 2122 1008 2193 perficis
1035 2118 1264 2192 promissa
1287 2122 1487 2199 ?eAsty.
1516 2120 1594 2174 Sic
1615 2119 1770 2193 legem
1789 2115 1982 2190 accipis?

527 2200 695 2274 Cyrus.
723 2198 831 2250 Plus
857 2216 982 2251 vana
1009 2213 1163 2249 temet
1183 2197 1274 2259 ira,
1302 2215 1450 2269 quam
1471 2199 1616 2267 pietas
1639 2198 1848 2247 movet?

526 2272 668 2346 Asty·
700 2273 810 2326 Plus
827 2273 1047 2346 Harpagi
1064 2288 1110 2323 te
1131 2290 1266 2330 cura,
1286 2291 1432 2345 quam
1461 2272 1604 2345 patris
1625 2288 1799 2324 movet
1816 2274 1840 2321 ?

527 2350 571 2398 C
554 2366 696 2418 yram,
734 2349 997 2422 Utriusque
1014 2367 1220 2403 moveor
1237 2350 1377 2401 sorte.
1413 2347 1644 2421 Cambysi
1661 2386 1673 2406 ‚
1697 2349 1961 2421 HarpagO,

526 2421 792 2495 Utriusque
820 2426 958 2478 dono
977 2425 1124 2478 vivus
1138 2466 1156 2488 ,
1177 2441 1418 2497 acceptam
1445 2425 1572 2478 diem

524 2497 708 2550 Refero
733 2523 745 2562 5
777 2502 950 2555 referre
978 2503 1168 2575 utrique
1195 2503 1227 2554 fi
1254 2519 1528 2556 memorem
1551 2499 1674 2552 finis.

527 2573 726 2629 Referre
750 2581 944 2654 utrique
966 2599 1068 2633 non
1089 2578 1201 2632 finis
1224 2584 1248 2633 ,Ρ
1271 2575 1431 2631 neutri
1449 2576 1631 2630 aufero,
