2133 3209
527 180 1186 249 M1soELLANfflA:
1579 198 1650 244 ης

196 277 317 327 Non
337 273 403 327 ita
431 274 642 348 quisquis
669 295 852 348 opum,
876 276 1116 346 fluxaeque
1135 266 1333 325 libidine
1350 265 1502 323 laudis

124 350 356 403 Fervidus
376 350 606 403 incassum
630 349 846 424 populari
878 349 1050 404 serviet
1073 367 1225 410 aurae,

123 424 317 478 Vilibus
336 425 556 478 addietus
579 429 738 480 studiis
755 429 835 491 ,ὃς
869 424 1055 479 mobile
1085 424 1216 499 vulgi

122 502 389 574 Promptus
415 501 473 554 ad
495 502 747 557 arbitrium
772 497 991 573 sumptos
1014 502 1253 573 deponere
1280 496 1438 551 fasces.

199 577 440 649 Imprimis
461 578 623 653 rigidae
648 580 679 631 fi
702 578 807 652 quis
827 577 1016 633 virtutis
1040 595 1210 629 amore

121 650 340 726 Flagrare
358 653 549 725 incipiat
563 696 575 713 ,
600 654 808 708 volucris
829 653 1164 707 moderamina
1181 651 1357 723 lingua:

122 730 362 782 Austerus
384 747 546 782 teneat
571 732 729 782 custos
752 770 766 792 ,
789 728 1044 801 legemque
1063 726 1254 779 tacendi

119 803 373 876 Accipiat:
394 805 608 878 sequitur
632 806 807 858 secreta
824 803 1006 856 silentia
1032 821 1227 856 merceS.

119 882 227 932 Nec
247 879 365 933 mihi
389 883 475 954 qui
506 881 665 935 tacitas
690 878 880 936 Cereris
901 878 1172 954 vulgaverit
1191 893 1314 930 artes

119 959 227 1008 Effe
247 956 391 1010 velim
415 957 628 1011 socium:
651 977 754 1010 non
779 956 864 1010 uni
884 956 1140 1009 affuescere
1168 953 1342 1007 mensae
1357 959 1380 1014 ,‘

121 1031 299 1084 Vivere
321 1051 407 1084 nec
430 1037 564 1085 testo
589 1032 761 1105 poffim
781 1033 969 1084 securus
994 1031 1191 1088 eodem,

119 1111 228 1161 Aut
252 1107 405 1182 fragili
423 1111 600 1161 fluetus
623 1129 719 1162 una
743 1126 934 1161 tranare
964 1107 1177 1177 phaselo,

121 1185 281 1255 Impia
299 1183 420 1256 saepe
445 1184 671 1257 quidem,
702 1185 823 1256 saepe
852 1186 905 1234 &
933 1182 1006 1254 pia
1026 1181 1253 1235 fulminat
1281 1179 1409 1233 ultor

122 1257 339 1330 Iuppiter
365 1262 413 1311 in
435 1261 610 1331 capita,
627 1263 677 1311 &
705 1261 937 1312 scelerum
957 1257 1197 1312 consortia
1222 1256 1406 1329 pleffit.

122 1333 170 1387 Si
193 1353 355 1388 tamen
377 1335 604 1409 effugias,
628 1336 764 1388 lento
785 1355 845 1387 ne
865 1335 1006 1388 crede
1035 1333 1191 1387 furori
1214 1353 1222 1380 ε

120 1410 307 1464 (ζΙευεΙά
323 1455 339 1473 ,
360 1411 440 1463 sed
462 1410 646 1463 affiduo
668 1411 883 1483 sequitur
906 1410 1025 1481 pede
1046 1428 1192 1480 poena
1211 1448 1223 1467 ‚
1255 1428 1344 1461 nec
1370 1407 1573 1480 usquam

120 1487 305 1559 Impius
326 1487 477 1540 elusos
498 1486 705 1562 longum
732 1485 972 1540 laetabitur
998 1485 1140 1538 iel-us.

978 1607 1032 1614 -a

811 1668 938 1717 DE

522 1797 1237 1872 HiDRtINIJht

639 1947 1112 1999 AUDACIA

127 2088 252 2226 SI
272 2107 302 2140 c
332 2087 422 2140 tibi
445 2107 554 2161 quae
578 2090 820 2163 Cyprium
844 2089 1062 2163 praesenti
1088 2087 1289 2141 numine
1313 2084 1450 2142 litus,

220 2167 295 2232 ‘Et
314 2181 464 2238 genus
484 2166 853 2227 AEneadum,&
887 2167 1012 2220 fidos
1042 2169 1147 2219 Dea
1176 2165 1328 2217 servat
1356 2176 1595 2212 amantes:

130 2237 206 2290 Sic
233 2237 398 2292 fratres
425 2240 651 2300 Helenae,
679 2244 878 2317 gemino
899 2263 1013 2297 cum
1034 2244 1236 2296 Castore
1261 2236 1430 2294 Pollux
1452 2275 1464 2294 ,

128 2313 234 2386 Q
252 2314 451 2386 pavidos
473 2334 687 2370 recreant
713 2318 900 2373 alterno
927 2319 1072 2373 sidere
1092 2334 1265 2370 nautas
1287 2337 1295 2364 :

129 2391 513 2464 Ventorumque
539 2393 626 2446 tibi
646 2393 802 2448 faveat
827 2413 963 2467 pater
980 2437 993 2455 ,
1020 2412 1165 2468 atque
1183 2393 1396 2445 furentes

131 2466 339 2518 Carcere
366 2485 613 2523 conttneat
637 2470 896 2544 vinclisque
919 2486 1144 2524 coerceat
1174 2475 1363 2529 Ευῑος,

128 2544 199 2594 Et
224 2558 336 2595 toto
356 2542 601 2616 placidum
623 2547 704 2599 det
726 2545 907 2624 Japyga
930 2548 1093 2603 ludere
1116 2545 1233 2601 caelo
1255 2566 1264 2592 τ
1331 2624 1350 2668 1
1375 2624 1383 2630 .

1372 2638 1387 2670 1
1440 2637 1485 2683 ιι]
