2133 3209
515 228 591 279 ¹55
940 220 1316 270 CAROLI
1389 220 1633 271 RUAEi

515 304 753 378 Corporis
787 305 858 360 ille
881 307 996 360 velit
1019 324 1193 362 nexus,
1221 304 1538 377 miseramque
1557 303 1731 359 resolvi

510 386 851 454 Compagem,
886 385 936 432 &
966 380 1125 452 patriis
1155 379 1374 432 animam
1396 379 1644 432 succedere
1675 376 1847 453 regniS.

573 458 668 510 His
697 459 834 529 super
861 456 1067 528 oppositi
1093 455 1249 508 studia
1270 455 1319 506 in
1342 455 1580 508 contraria
1599 455 1768 509 fratres

515 536 648 586 Inter
674 533 720 585 se
742 550 796 586 ut
823 532 1010 603 placidis
1038 531 1282 605 agitaruut
1305 530 1512 602 plurima
1534 530 1716 584 verbis:

513 608 601 661 Nil
626 608 808 681 agimus
835 607 1020 672 verbiS,
1040 609 1103 660 ait
1127 607 1272 668 alter3
1300 608 1335 659 is
1360 607 1512 660 exitus
1541 612 1704 660 Annae

516 683 622 755 Qi
648 685 738 736 fuit
758 684 808 736 in
825 683 960 743 fatis,
986 703 1038 737 ca
1058 683 1143 736 lux
1166 685 1406 756 postrema
1432 682 1597 735 futura
1617 683 1681 734 est
1697 723 1715 743 ,

514 760 688 812 Libera
716 779 803 813 nec
832 761 1067 833 cuiquam
1082 759 1170 813 leti
1197 777 1349 811 mora.
1390 762 1581 811 Verum
1610 776 1695 831 age
1715 796 1727 816 ‚
1763 756 1858 809 fata,

511 834 652 905 Qid
676 838 888 889 statuant
906 835 1104 888 tandem
1122 873 1134 892 ,
1161 833 1261 907 'spes
1290 853 1350 886 an
1376 834 1514 905 super
1539 832 1632 886 ulla
1651 832 1832 890 salutis,

514 910 859 981 ExploremuS,
887 910 950 963 ait
972 931 987 959 A:
1013 909 1154 963 simul
1173 911 1343 963 annuit
1365 909 1480 961 alter
1498 949 1511 967 ,
1546 913 1599 961 δε
1631 927 1728 962 una

515 987 804 1061 Fulgentern
828 993 1073 1059 Luparam
1091 1026 1102 1047 ‚
1127 987 1180 1035 &
1204 1004 1397 1060 magnae
1421 985 1600 1059 fastigia
1630 980 1859 1056 linquunt

516 1063 752 1124 Lutetiae,
778 1063 1065 1135 paribusque
1091 1059 1316 1113 feruntur
1336 1059 1395 1112 ad
1418 1059 1594 1113 aethera
1615 1058 1797 1131 pennis,

586 1138 728 1191 Ultra
752 1138 954 1191 sidereos
973 1156 1080 1190 axes
1106 1143 1160 1191 &
1185 1135 1340 1189 lucida
1362 1135 1474 1188 coeli

513 1215 761 1268 Convexa
780 1253 791 1272 ‚
818 1214 1082 1268 innumeris
1105 1212 1227 1264 aedes
1251 1211 1448 1265 'suffulta
1472 1209 1736 1273 columni3‚

516 1289 685 1341 Latior
712 1296 766 1344 δε
788 1290 918 1341 terris
945 1291 998 1340 &
1029 1288 1166 1341 latior
1192 1306 1387 1359 aequore
1417 1287 1581 1360 surgit.

513 1364 613 1418 Illic
631 1364 897 1436 porticibus
920 1382 990 1416 ter
1016 1380 1213 1416 centum
1244 1364 1463 1433 impressa
1486 1360 1698 1433 superbis

515 1444 633 1492 Fata
661 1438 920 1493 hominum
937 1482 950 1503 ,
980 1439 1198 1512 variique
1222 1439 1307 1491 suo
1332 1439 1456 1489 stant
1485 1436 1656 1490 ordine
1681 1437 1809 1491 casus
1827 1477 1841 1495 ‚

515 1517 645 1583 Quae
666 1515 745 1569 lux
773 1534 1017 1588 quemque
1034 1515 1142 1568 solo
1166 1513 1386 1571 inducet,
1416 1533 1526 1586 quae
1545 1512 1714 1564 tradita
1736 1513 1910 1586 cuique

515 1593 628 1645 Sint
652 1592 758 1646 vitae
785 1591 954 1663 spatia,
983 1597 1035 1646 δε
1060 1610 1166 1663 quae
1190 1606 1321 1642 meta
1347 1587 1598 1641 novissima
1619 1588 1742 1643 vitae.

517 1668 608 1720 Ast
630 1667 800 1720 animae
824 1665 1049 1724 illustres,
1081 1669 1134 1717 ὃς
1157 1664 1338 1717 clarum
1359 1663 1406 1714 in
1436 1682 1619 1715 nomen
1641 1663 1803 1720 iturae,

515 1746 609 1796 Seu
632 1761 748 1814 quas
769 1741 955 1814 imperii
972 1741 1117 1794 decus
1138 1739 1260 1793 olim
1275 1778 1287 1797 ‚
1319 1735 1544 1811 orbisque
1570 1739 1765 1812 regendi

512 1821 651 1871 Cura
670 1834 864 1872 mamers
892 1818 971 1869 seu
988 1837 1103 1889 quas
1128 1815 1383 1868 faetorum
1407 1813 1581 1888 gloria,
1610 1819 1662 1865 &
1687 1814 1855 1867 ardens

511 1892 704 1947 Evehet
723 1892 783 1945 ad
811 1893 1002 1964 superos
1023 1910 1105 1964 per
1123 1890 1250 1943 mille
1273 1889 1477 1960 pericula
1499 1888 1674 1947 virtus,

513 1971 728 2022 Semotae
748 1969 892 2021 turba
922 1969 974 2018 ὅτ.
1001 1967 1107 2021 fatis
1127 1963 1442 2039 popularibus
1461 2006 1477 2026 ,
1509 1983 1680 2017 omnes

512 2044 781 2097 Distincras
802 2042 1015 2097 habuere
1037 2043 1264 2116 paresque
1287 2039 1537 2093 laboribus
1556 2041 1698 2094 aulas,

513 2123 661 2173 Hanc
683 2120 838 2172 aedem
862 2137 1042 2173 aeterna
1069 2117 1154 2171 fibi
1175 2117 1392 2170 condidit
1412 2133 1512 2169 arte
1537 2120 1751 2171 Pronoea
1765 2136 1784 2176 ‚¹

511 2195 643 2251 Diva
662 2195 756 2249 loci
776 2195 966 2267 praesess
987 2200 1122 2267 cujus
1140 2192 1231 2246 sub
1252 2190 1434 2266 legibus
1453 2190 1630 2251 aether,
1796 2259 1799 2262 .

511 2273 889 2344 Marmoraque,
919 2278 975 2327 δε
991 2269 1109 2325 vasti
1135 2270 1280 2343 longe
1304 2268 1446 2320 latera
1474 2266 1639 2320 ultima
1659 2267 1860 2330 mundi,

508 2348 572 2398 Et
597 2347 799 2401 mortale
822 2352 944 2421 jacet
965 2346 1156 2401 mundo
1177 2364 1343 2419 genus.
1390 2342 1489 2415 Ipsa
1509 2343 1700 2397 futuros

508 2422 772 2477 Parietibus
794 2423 888 2476 late
911 2440 1110 2478 eventus
1133 2438 1281 2491 atque
1304 2419 1467 2472 abdita
1489 2438 1649 2472 rerum
1666 2460 1679 2479 ‚

510 2499 573 2550 Et
600 2498 759 2556 radio,
787 2502 841 2550 &
864 2499 1001 2553 docti
1021 2497 1255 2570 descripsit
1273 2494 1494 2551 acumine
1515 2495 1632 2549 caeliff
1676 2559 1680 2563 ⁴

508 2575 623 2627 Neu
642 2574 838 2648 propius
865 2572 1121 2651 quisquam
1143 2573 1310 2628 rutilos
1332 2571 1553 2628 accedere
1575 2572 1732 2646 postes
