2133 3209
376 212 667 269 CYRUS
717 205 1262 267 TR‘X'GOED‘IX:
1522 222 1602 271 slot

85 305 255 384 Harsa·
283 303 472 357 Adsum
494 318 521 353 e
550 300 802 373 profundo
829 301 1028 354 carceris
1049 299 1159 354 duri
1173 300 1316 372 specus

85 382 352 454 Mediaque
372 377 544 431 mortis
568 382 718 429 nocte
738 375 1035 451 Cambysem
1061 375 1283 441 trahenS,

82 455 344 513 Incolumis
372 454 481 526 ipse.
522 454 744 507 Gaudeat
775 458 936 525 Cyrus
963 471 1124 526 patre,

87 539 321 607 Cyroque
345 530 509 583 Perfis.
557 530 721 582 Media
741 530 972 584 incassum
997 532 1138 584 ferox

85 611 302 682 AEquum
332 605 508 678 recepit
540 606 714 679 sponte
739 605 938 660 victoris
963 605 1156 679 jugum.

88 684 316 739 Cecidere
339 681 483 746 bella,
505 682 680 753 pariter
703 681 814 734 hinc
832 680 945 733 odia
964 682 1215 734 excidant:

85 764 254 814 Virtus
281 756 546 829 triumphet
573 778 697 818 una,
732 757 952 811 vanescat
971 758 1124 811 furor.

86 842 199 912 Cyr.
225 841 345 890 Huc
365 832 497 887 orbis
517 833 700 887 oculos.
736 837 995 908 Harpage,
1018 833 1244 891 exoluam
1263 834 1429 890 fidem.

88 915 279 968 Patrem
305 911 487 982 recepi,
517 910 703 964 reddidi
736 910 878 962 matri
904 911 1101 965 virum3

90 988 323 1059 Sponsam
344 1008 370 1040 e
397 985 587 1045 latebris
601 1027 614 1046 ,
639 991 928 1060 Harpagum
945 985 975 1039 a
995 1001 1159 1039 morte
1181 987 1295 1041 erui.

89 1063 250 1118 Cadat
277 1063 340 1116 ira
363 1084 371 1111 .·
399 1062 541 1135 pietas
569 1062 758 1121 redeat,
786 1065 840 1112 &
870 1060 979 1114 felix
1001 1061 1161 1135 quies,

88 1143 153 1192 Et
178 1157 334 1192 amor.
360 1137 553 1192 Mand.
579 1143 781 1196 Favete,
808 1137 1018 1193 coelites!
1042 1145 1086 1193 C
1082 1159 1156 1211 yr.
1187 1141 1382 1193 Natum
1401 1139 1593 1216 adjuva,

88 1219 262 1268 Mater.
287 1216 446 1290 eAsty-
468 1213 608 1290 Qud
629 1215 727 1265 hoc
750 1215 815 1265 est
831 1216 844 1261 ?
863 1220 910 1268 C
891 1234 974 1291 yr.
1003 1212 1211 1268 Pedibus
1233 1213 1416 1268 affusos
1439 1217 1597 1278 videS,

90 1288 427 1362 Humilesque.
465 1289 640 1361 Recipe
663 1288 871 1360 sceptra,
897 1306 1162 1363 pacemque
1179 1308 1356 1342 annue.

91 1368 229 1420 Pone
252 1383 388 1417 arma
406 1406 420 1426 ‚
446 1364 579 1417 miles
601 1385 610 1412 ε
644 1383 773 1436 pone
791 1364 931 1436 quod
947 1380 1109 1418 matre
1135 1363 1273 1417 indui

90 1438 303 1494 [lubente
323 1440 527 1492 ferrum.
554 1439 751 1495 Mami.
792 1438 1001 1497 Perime‚
1026 1441 1059 1493 fi
1084 1442 1249 1493 sontes
1271 1458 1428 1514 putas.

95 1515 337 1589 Cambyse
361 1534 444 1588 per
473 1535 562 1567 nos
585 1514 769 1576 libem,
796 1515 887 1569 vile
919 1516 984 1568 est
1018 1517 1160 1571 mori.

96 1598 139 1647 C
133 1613 211 1671 yr.
246 1591 404 1644 Etiam
425 1589 605 1644 necesse
628 1592 693 1643 est
712 1630 726 1648 ,
751 1591 861 1644 odia
878 1591 911 1643 si
934 1592 1161 1646 nondum
1185 1593 1341 1647 exuis.·

92 1667 257 1722 Palm.
292 1667 473 1721 Illustre
499 1667 738 1738 specimen
762 1674 779 1720 ,¹
809 1668 948 1743 Asty.
976 1668 1111 1721 Fallit
1134 1669 1390 1727 incautum
1422 1671 1605 1749 sopor?

95 1743 369 1817 Vigilemne
390 1741 522 1796 larva
543 1742 666 1795 ludit
684 1747 707 1794 ,Ρ
737 1746 843 1804 En,
867 1741 993 1794 votis
1013 1743 1200 1802 fruens,

92 1819 277 1893 Regnis
301 1817 514 1890 potitus,
544 1817 755 1871 culmine
773 1816 869 1870 hoc
894 1835 1057 1871 rerum
1080 1820 1277 1873 excidis:

97 1898 169 1947 Te
189 1900 373 1966 major,
409 1896 462 1944 &
491 1913 570 1947 me
593 1892 778 1947 melior.
811 1891 885 1945 Ut
908 1891 1035 1945 bellis
1062 1913 1235 1954 avum,

94 1970 341 2024 Meritisne
367 1968 525 2023 vinces
553 1975 579 2022 ,Ρ
605 1969 807 2024 Mand.
834 1971 906 2022 Sic
927 1988 1117 2041 patrem
1143 1971 1267 2025 vinci
1298 1971 1435 2026 decet
1462 1997 1472 2025 :

95 2045 201 2099 Ubi
228 2045 321 2098 filia
342 2044 503 2103 hostis,
526 2051 581 2099 ὅε
598 2063 763 2116 nepos.
786 2048 948 2120 Harp.
968 2048 1202 2118 Prompta
1224 2049 1452 2103 omnium

98 2120 350 2194 Obsequia
371 2161 384 2179 ,
417 2120 547 2188 justis
576 2118 694 2172 liber
726 2120 932 2192 imperiis
966 2119 1137 2191 proba.

98 2200 226 2272 QAst.
257 2196 432 2251 Procul
458 2197 523 2249 ite
539 2195 695 2259 furiae,
722 2196 938 2268 pertinax
960 2196 1131 2253 odium
1153 2199 1307 2253 cadat.

102 2273 318 2332 Accede,
353 2292 441 2325 nec
460 2272 536 2326 avi
556 2272 721 2346 refuge
747 2273 1084 2345 complexum,
1109 2294 1270 2349 nepos

102 2352 367 2402 Donemus
389 2348 475 2401 iras
500 2348 723 2403 invicem.
750 2349 944 2403 Mand,
975 2353 1025 2402 O
1051 2349 1210 2403 laetam
1240 2352 1394 2405 diem!

104 2425 272 2481 Palm.
311 2427 361 2478 Ο
395 2424 663 2496 sospitalem
683 2428 850 2481 {QAffl
887 2428 1106 2496 Sceptra,
1129 2447 1235 2499 quae
1263 2429 1450 2494 reddis,
1479 2437 1611 2502 cape.'

109 2507 221 2577 Cyr.
253 2504 356 2574 Ego
379 2500 581 2572 sceptra!
608 2501 807 2556 Mand.
834 2500 971 2574 Qd
991 2501 1100 2577 agiS‚
1117 2506 1341 2578 genitor?
1357 2509 1472 2581 Ast.
1492 2511 1611 2562 Haec

213 2575 394 2647 sceptra
417 2575 589 2630 abnuis
604 2581 628 2629 ,P

1444 755 1469 779 ki

1305 2661 1359 2710 N
1394 2656 1438 2729 iij
