2133 3209
454 218 742 271 CYRUS
793 218 1331 271 TRAGOEDIA.
1600 237 1646 280 57

139 305 373 357 Inveetus
393 301 599 374 equites,
618 301 792 374 reperit
819 303 1052 377 Astyages
1073 300 1218 356 viam.

141 378 337 431 Coaluit
361 395 542 452 agmen
565 376 728 431 subito
750 421 762 442 ,
789 381 841 430 <Sc
867 378 1105 432 inclusum
1130 394 1355 450 premens

137 457 261 506 Late
283 452 553 528 ingruebat.
578 458 733 523 Jacuit
760 457 991 529 Astyages
1017 453 1150 512 solo,

138 531 324 581 Frustra
348 547 477 582 arma
504 529 553 581 in
577 528 767 583 hostem
800 533 854 581 ὃς
891 531 1048 605 segete
1078 530 1331 582 confixum
1354 542 1444 578 aere

140 603 388 676 Clypeum
409 605 660 657 coruscans
687 626 695 653 :
732 605 887 660 multa
910 626 1040 659 mors
1064 605 1245 658 circum
1285 601 1524 659 imminet.

139 679 276 733 Cum
310 700 432 734 voce
458 699 668 753 praeceps
689 683 919 735 intonans
943 721 955 740 ,
988 681 1151 735 media
1181 680 1379 734 advolat

135 757 227 808 Per
256 755 349 809 tela
373 759 567 830 Cyrus:
597 757 813 829 precibus
833 798 845 816 ‚
871 758 1112 829 imperio,
1139 756 1280 808 minis

135 829 330 884 Inhibet
352 833 565 885 furentes
588 873 605 892 ,
636 832 829 886 dextera
855 833 1032 888 fessum
1063 832 1215 907 erigit.

133 908 340 960 Decedit
363 927 485 984 aegre
510 907 652 962 turba
668 952 681 973 ‚
703 910 945 964 victorem
972 910 1241 982 increpanS,

135 983 371 1037 Fraudata
391 985 513 1059 regis
535 984 779 1059 sanguine.
803 987 971 1040 Palm.
1007 991 1121 1038 Hac
1147 987 1311 1038 macte
1328 980 1492 1035 indole
1512 998 1531 1040 ‚'

133 1059 455 1134 Magnanime
475 1061 698 1133 Princeps
711 1103 720 1112 .
734 1065 816 1117 M
817 1062 932 1115 and.
951 1062 1028 1116 Sic
1041 1061 1167 1115 bene
1180 1061 1448 1134 Astyagem
1459 1057 1649 1134 domati

135 1134 231 1193 Sic,
255 1139 311 1187 δί’
332 1137 395 1197 se,
412 1139 466 1187 &
492 1135 651 1190 hostes
677 1138 842 1192 vincit.
869 1141 985 1191 Hoc
1009 1138 1212 1191 demum
1239 1136 1372 1191 exitu

132 1201 383 1264 Confecta
404 1230 479 1263 res
505 1213 600 1263 est?
625 1216 763 1286 Rege
783 1213 1007 1284 spoliatos
1028 1232 1196 1286 greges

130 1289 240 1339 Aut
261 1286 470 1361 gladius,
496 1303 578 1340 aut
599 1287 777 1340 incerta
803 1287 984 1358 disjecit
1003 1290 1121 1363 fuga
1143 1295 1169 1342 ,Ρ

129 1362 258 1415 ‘Tax
293 1366 477 1417 Stetere
500 1363 549 1414 in
566 1364 724 1418 armis,
761 1364 919 1427 Mira,
945 1365 1026 1418 sed
1047 1382 1162 1417 vera
1183 1362 1356 1434 accipe.

133 1436 210 1491 Ut
230 1438 386 1510 prima
411 1458 577 1511 regem
598 1439 727 1492 fama
749 1440 1002 1511 captivum
1035 1441 1177 1494 tulit5

131 1513 288 1567 Simul
315 1514 405 1567 alta
433 1514 450 1580 <
466 1514 594 1567 casus
607 1513 707 1574 hic,
732 1534 902 1587 putem
923 1556 935 1574 ‚
961 1536 1022 1569 an
1040 1515 1199 1570 fatum
1223 1514 1378 1588 fuit-³)

132 1589 405 1664 Victosque
426 1590 731 1664 victoresque
759 1591 961 1664 pervasit
981 1592 1133 1666 quies.

133 1665 315 1718 Siluere
341 1666 588 1740 utrimque
612 1669 758 1720 castra
785 1711 798 1732 ,
832 1668 1080 1721 detumuit
1101 1668 1252 1721 furor.

130 1745 212 1799 M
214 1742 332 1796 and.
348 1744 475 1813 Qae
493 1745 712 1796 monstra
723 1763 884 1797 narras
900 1751 913 1794 ἓ
929 1744 1212 1809 Tax,Non
1233 1741 1369 1798 tubae
1387 1744 1646 1801 admonuit

209 1820 354 1871 sonus

129 1893 297 1948 Finem
312 1895 405 1947 esse
434 1913 628 1968 pugnae.
656 1897 845 1967 Sponte
865 1892 951 1947 fibi
974 1894 1155 1948 caedem
1180 1912 1322 1970 negat

128 1968 323 2025 Librata
344 1971 395 2021 in
419 1968 578 2022 ictum
602 1971 795 2024 dextera
817 2012 831 2034 ‚
854 1986 1002 2042 atque
1022 1969 1147 2024 hosti
1170 1972 1339 2026 volens

130 2045 342 2120 Ignoscit
362 2043 523 2097 hostis.
548 2048 677 2098 Mox
701 2048 753 2096 ὃς
781 2045 1032 2099 ordinibus
1054 2063 1186 2117 pares

132 2121 400 2193 Spatiisque
426 2159 438 2177 ,
473 2136 602 2173 retro
627 2120 757 2194 figna
773 2162 792 2182 ,
820 2140 924 2172 non
953 2121 1118 2175 vultus
1142 2120 1318 2176 ferunt.

132 2200 275 2251 Stant
298 2195 448 2248 limite
469 2199 609 2249 arcto
630 2195 797 2250 diffiti:
822 2213 1068 2269 quantum
1090 2196 1195 2250 satis
1210 2238 1228 2260 ,

131 2273 206 2325 Ut
231 2273 440 2325 necdum
462 2273 643 2324 amicos
666 2272 786 2332 effe,
811 2292 900 2325 nec
920 2272 1073 2326 socios
1092 2289 1260 2345 putes3

133 2349 224 2401 Sed
245 2368 361 2401 mox
377 2347 588 2400 futuros.
613 2349 779 2402 Palm.
807 2348 883 2403 Sic
908 2348 1042 2407 brevi
1064 2349 1222 2424 superi
1242 2363 1478 2406 annuant.

130 2423 326 2480 Mand.
353 2421 495 2479 Subit
513 2441 618 2476 ecce
645 2423 818 2480 victor.
