2133 3209
553 224 615 267 32'
872 267 874 270 ,
986 219 1323 269 CAROLI
1390 217 1626 269 RVAE1

550 303 750 361 Mand.
793 305 913 371 Q
938 323 1016 355 me
1032 304 1218 355 animus
1233 304 1401 377 ingens
1417 301 1490 354 ille
1508 342 1520 360 ‚
1541 321 1643 375 quo
1668 298 1822 373 dignae
1842 297 2050 371 impetus

553 379 757 431 Virtutis
776 380 923 452 adigit
944 385 970 430 ,Ρ
991 382 1238 451 Harpage.
1263 424 1273 433 .
1300 422 1309 431 .
1338 418 1347 427 .
1386 376 1608 435 Instabo,
1639 379 1691 428 ὃς
1716 375 1902 439 virum,

549 456 667 529 Qii
688 472 875 507 currere
898 453 1030 506 ultro
1061 454 1236 525 eoepit,
1262 452 1501 524 impellam
1523 450 1612 505 via.

601 581 1116 675 ACTUS
1216 579 1994 682 QUARTUS·

1006 750 1455 821 SCENA
1563 751 1612 819 1-

704 888 1324 949 HARPAGUS,
1397 878 1895 940 TAXJLvs.

1077 1013 1517 1055 HARPAGUS.

711 1124 905 1180 Μιεε,
932 1122 1152 1194 sequere:
1179 1124 1232 1173 ὃς
1257 1140 1432 1196 magna
1451 1136 1723 1174 tentantem
1751 1119 1948 1190 adjuva*

711 1199 818 1252 Stat
838 1215 1022 1252 vertere
1048 1217 1173 1256 araS,
1198 1198 1336 1260 tristis
1361 1197 1600 1269 hymenaei
1620 1199 1739 1250 faces

555 1270 804 1331 obruere,
827 1273 1049 1344 sponsam
1067 1272 1363 1346 nuptialibus
1385 1271 1539 1325 choris
1602 1334 1608 1343 ἲ

554 1346 850 1399 Subtrahere
873 1367 886 1402 5
915 1365 1074 1399 morte
1100 1349 1129 1400 fi
1150 1348 1252 1421 quis
1278 1351 1342 1400 est
1367 1348 1474 1400 usus
1493 1392 1506 1408 ‚
1535 1348 1677 1401 mori.

555 1422 700 1475 Tax.
732 1423 806 1475 Sic
822 1423 1049 1475 miserum
1075 1440 1318 1475 amantem
1346 1422 1540 1476 deficis?
1556 1426 1719 1501 Harp.
1741 1421 1819 1473 Ne
1841 1437 1919 1473 me
1936 1417 2051 1471 fides

553 1497 776 1551 Deficiat.
801 1498 947 1552 Tax.
977 1498 1032 1550 Id
1057 1496 1229 1551 laboris
1252 1499 1500 1550 immerito
1524 1497 1725 1567 objicis?

552 1573 720 1649 Harp.
737 1576 814 1625 Ne
830 1591 900 1625 res
917 1571 1104 1626 laboret
1119 1574 1320 1626 summa.
1339 1574 1480 1627 Tax.
1496 1574 1632 1640 Qd
1644 1590 1660 1627 ,2
1674 1592 1789 1625 cum
1808 1569 1852 1623 se
1865 1569 2051 1624 irritum

553 1645 701 1705 Voti,
722 1665 1012 1719 occupatum
1034 1649 1229 1710 fraude,
1253 1647 1470 1702 delusum
1494 1650 1640 1701 sciet?

551 1722 712 1799 Harp.
733 1723 960 1785 Dolebit,
984 1722 1246 1777 hominum
1265 1725 1342 1777 est.
1389 1724 1440 1778 Si
1460 1724 1601 1777 nimis
1623 1723 1781 1778 doleat
1803 1721 1911 1776 diui

554 1798 659 1848 Suo
679 1797 847 1850 dolore
870 1799 1071 1873 dignus,
1103 1799 1328 1872 indignus
1349 1818 1467 1851 meo
1489 1802 1570 1851 est.

553 1871 696 1925 Tax.
724 1875 819 1926 Cui
840 1892 887 1925 te
908 1875 1105 1925 interim
1124 1873 1389 1926 committis
1407 1879 1431 1925 ,θ
1453 1877 1721 1948 Astyagem
1741 1872 1995 1932 arbitrum,

550 1946 801 2001 Eumdem
823 1951 875 2000 δε
900 1948 1088 2002 hostem
1105 1988 1117 2006 ‚
1141 1948 1301 2021 capitis
1323 1950 1375 1998 &
1402 1968 1561 2008 rerum
1589 1950 1730 2023 eligis,
1785 1964 1790 1971 ’

551 2022 680 2090 Qae
703 2039 749 2075 te
770 2025 818 2075 in
838 2024 1003 2094 pericla
1017 2066 1030 2085 ‚
1048 2025 1279 2098 prodigus
1296 2024 1424 2088 vitae,
1449 2026 1657 2100 ingeris?

549 2099 712 2176 Harp.
741 2099 974 2153 Hodiene
996 2101 1238 2171 primum?
1259 2100 1425 2154 matris
1444 2121 1498 2154 ex
1520 2102 1620 2173 ipso
1651 2102 1799 2155 ubere

550 2173 608 2222 In
625 2171 743 2226 bella
762 2191 950 2246 raptus,
976 2175 1140 2228 Martis
1160 2174 1349 2227 adolevi
1370 2175 1417 2226 in
1439 2177 1542 2229 sinu
1562 2198 1572 2224 :

552 2249 815 2322 Totiesque
835 2269 1018 2324 pugnas
1039 2251 1162 2303 inter
1184 2252 1237 2300 δε
1263 2251 1432 2323 strages
1458 2251 1617 2305 virfim

549 2324 739 2378 Necem
763 2327 990 2379 irretorto
1011 2325 1192 2379 lumine
1212 2324 1467 2378 instantem
1486 2327 1588 2379 tuli.

549 2397 758 2458 Ideone‚
789 2417 846 2453 ut
865 2401 997 2454 annis
1020 2401 1184 2474 plenus
1214 2407 1267 2456 &
1290 2401 1427 2454 lauru
1448 2403 1601 2475 gravis

548 2475 819 2528 Occurrere
838 2476 984 2530 hodie
1005 2476 1155 2530 nobili
1178 2477 1277 2530 leto
1304 2476 1525 2530 horream
1542 2482 1567 2530 ?

547 2550 770 2604 Occurro
795 2570 993 2607 :rerum
1026 2559 1124 2628 jam
1144 2553 1282 2617 satiS,
1313 2552 1422 2608 vitae
1444 2552 1547 2607 satis
