2133 3209
530 237 1128 290 PANEGYRICI.

73 321 327 398 Spestastis
347 321 590 378 νίᾶοῑεῐη
614 319 799 373 oculis:
826 339 945 373 cum
966 317 1178 374 culmine
1201 319 1263 373 ab
1288 320 1392 375 alto

74 402 282 454 Cederet
306 394 554 452 immixtus
587 394 782 449 turbae·
771 432 785 458 ,
807 394 1156 450 communibus
1184 416 1359 451 omnes

71 475 290 534 Vocibus
313 472 473 530 affari,
498 489 642 545 atque
667 491 875 544 operum
900 471 1091 526 laudare
1118 472 1338 528 laborem
1358 514 1374 534 ,

70 551 385 625 Vulneraque
410 551 462 601 δε
491 549 639 605 saevos
664 549 803 602 distis
832 548 1044 602 mulcere
1072 549 1291 610 dolorm,

69 629 275 681 Certare
295 625 464 680 officiis
497 628 551 676 &
582 624 770 680 vincere
793 623 995 678 blandus
1017 643 1217 682 amaret.

137 705 241 756 Vos
264 702 425 757 modo
453 700 608 754 felices
633 718 775 754 tanto
797 701 987 756 vietore
1011 699 1195 755 subacsti

66 778 421 854 Flandrigenae·
444 777 620 850 quibus
645 777 738 850 ipsa
758 776 919 831 minus
948 777 1155 831 vi&0ria
1175 776 1308 832 clade

64 855 351 914 Profuerat,
385 854 680 929 longamque
700 854 857 907 ferent
882 852 983 907 haec
1010 853 1133 907 bella
1161 854 1382 912 saluternss

65 934 140 983 En
168 932 256 984 erit
273 948 327 985 ut
351 932 525 986 vestras
547 933 804 1003 postquam
830 930 1030 984 Bellona
1057 949 1141 1003 per
1163 930 1309 986 urbes

67 1007 254 1072 Saeviit,
283 1011 336 1059 &
360 1005 517 1079 patrio
541 1007 753 1080 longum
775 1008 936 1060 satiata
958 1025 1130 1060 cruore
1156 1010 1251 1071 est,

65 1086 313 1139 Curatum
342 1100 586 1156 expertem
609 1082 745 1136 liceat
767 1083 1020 1137 decurrere
1047 1084 1197 1140 vitam
1215 1126 1233 1149 ‚

63 1162 126 1211 Et
158 1159 340 1243 sperare
368 1160 555 1218 aditus,
582 1165 638 1215 &
668 1159 889 1244 principis
916 1179 1000 1212 ora
1024 1161 1168 1214 tueri.

64 1237 188 1288 Non
218 1236 309 1295 ita,
338 1256 463 1310 quos
493 1235 631 1290 vobis
658 1237 913 1308 peregrino
940 1232 967 1287 ὲ
991 1235 1137 1289 litore
1161 1234 1316 1290 mittit

65 1311 311 1381 Hispanus
332 1312 609 1366 dominos:
636 1330 740 1363 non
762 1310 889 1364 hanc
913 1309 997 1363 fibi
1021 1311 1203 1387 fingere
1231 1331 1395 1366 mores

65 1388 148 1440 Ad
170 1388 374 1460 speciem
398 1388 556 1450 soliti,
577 1386 847 1461 fimilesque
872 1357 1124 1459 capessere
1135 1388 1286 1442 ritus·

68 1466 136 1516 At
165 1465 324 1517 secum
347 1463 522 1518 affidue
549 1482 776 1519 veterum
800 1481 1124 1517 monumenta
1145 1479 1407 1537 parentum

64 1541 130 1592 Et
157 1539 360 1615 grandes
393 1540 562 1593 titulos
590 1539 755 1615 magni
776 1541 960 1594 versare
980 1538 1069 1593 sub
1094 1537 1273 1595 umbra

62 1615 296 1669 Nominis
325 1637 335 1662 τ
360 1634 444 1670 aut
474 1615 568 1669 sese
593 1616 850 1669 communi
878 1615 1086 1688 prodere
1113 1615 1208 1671 luci

66 1691 229 1745 Sicubi
258 1692 519 1767 contigerit
538 1735 555 1755 ,
585 1691 866 1745 truculento
896 1692 1116 1746 incedere
1145 1691 1316 1752 vultu,

66 1769 266 1822 Cunsta
291 1768 539 1841 supercilio
565 1768 878 1839 suspendere,
907 1786 1051 1822 torva
1076 1771 1201 1821 tueri
1220 1810 1237 1832 ‚

64 1845 129 1896 Et
157 1844 339 1917 populo
371 1845 579 1917 praebere
611 1844 682 1897 sui
712 1844 1041 1917 spedaculao
1010 1843 1204 1897 orestus,

131 1921 229 1975 Sed
254 1941 386 1996 rigor
408 1919 484 1974 hic
504 1921 728 1979 tandem,
757 1920 1035 1993 tumidique
1061 1919 1239 1973 ferocia
1260 1917 1410 1976 fastus

63 1996 212 2070 Regis
237 1965 325 2050 adt>
318 1998 567 2068 aspectum
589 2015 756 2050 tenues
778 1995 1029 2052 vanescit
1017 2016 1065 2048 m
1088 2015 1244 2049 auras.

65 2075 220 2126 Hunc
250 2075 373 2126 adeo
401 2072 558 2126 effuso
584 2071 775 2126 devicta
796 2091 880 2144 per
903 2072 1080 2144 oppida
1107 2072 1272 2144 plausu

0 2177 1 2183 =
67 2151 196 2219 Saepe
219 2149 525 2204 incedentem
549 2148 727 2204 vidistis
746 2189 758 2207 ,
793 2151 847 2200 &
883 2149 1054 2202 ordine
1078 2147 1235 2223 longo

66 2225 145 2277 Ad
167 2225 289 2279 sacra
313 2226 573 2279 ducentem
600 2225 815 2280 viEtrices
837 2224 1014 2297 templa
1035 2241 1267 2279 catervas

65 2302 182 2353 Non
205 2302 337 2356 illum
357 2301 642 2377 laurisqueD
611 2321 841 2360 oravem,
871 2301 1124 2376 Tyrioque
1150 2299 1415 2391 superbum

64 2377 282 2437 Murice,
319 2379 544 2450 purpurei
572 2396 771 2450 compta
795 2397 977 2434 cerv1ce
999 2377 1177 2453 jugales

67 2454 406 2530 Qadrijugo
396 2474 443 2507 in
467 2474 610 2509 curru
635 2455 852 2509 duxere.
881 2473 972 2507 nec
993 2456 1186 2530 agmina
1211 2473 1344 2528 pone

66 2529 295 2600 Captiva,
327 2531 539 2603 implexis
567 2532 664 2586 visa
687 2529 763 2584 hic
789 2530 981 2585 evineta
999 2548 1179 2586 catems

66 2605 394 2680 Ι-Ιοῐτεηάο3
382 2624 509 2663 mter
530 2609 642 2664 ferri
666 2624 896 2687 reptare
878 2607 1094 2662 sonores

1508 246 1575 305 ιι)
