2133 3209
508 219 554 270 58
904 199 1603 254 cAR0L1RVAE1

895 325 1362 398 SCENA
1479 323 1658 392 III·

509 471 817 528 CYRVS,
861 460 1426 517 MANDANA‚
1469 455 2018 514 HARPAGVS‚

575 581 955 633 PALMYRA‚
977 579 1065 628 TA
1082 578 1326 633 XII-VS,
1351 574 1614 630 ARIBAS,
1635 572 1936 621 MILITES.

1107 687 1142 727 C
1171 689 1208 726 Y
1240 687 1278 725 R
1307 687 1340 724 U
1371 685 1412 725 S.

1159 776 1308 830 Patris
1329 774 1541 828 ultorem
1569 793 1723 833 voca,

512 861 805 929 Tuumque,
833 870 1001 908 mater.
1026 857 1179 908 Parva
1203 851 1427 906 vincendi
1452 851 1567 909 fuit,

509 938 697 1009 Magna
718 929 1020 1004 obsequendi
1043 929 1210 1003 gloria.
1234 928 1432 982 issand.
1459 931 1511 980 O
1535 943 1782 1001 quantum
1799 925 1960 988 decuS,

509 1015 575 1064 Es
595 1050 608 1068 ‚
624 1026 735 1061 nate
750 1049 761 1068 ‚
784 1007 955 1060 matri:
977 1021 1187 1079 quantus
1209 1020 1255 1056 at
1282 1021 1433 1055 mater
1448 1002 1535 1055 tibi

509 1089 752 1157 Paterque
778 1082 915 1136 labor
938 1084 1018 1136 est.
1051 1087 1163 1158 Cyr.
1191 1080 1398 1135 Decoris
1418 1078 1495 1132 hic
1524 1079 1635 1133 fons
1659 1081 1724 1132 est
1749 1077 1902 1131 labor.

512 1166 622 1216 Nec
643 1180 722 1212 me
742 1157 1006 1231 superbum
1027 1178 1193 1232 pugna
1215 1198 1227 1216 ,
1250 1157 1329 1209 sed
1350 1157 1494 1228 pietas
1514 1157 1642 1210 facit.
1971 1158 1988 1176 ⁸

516 1240 590 1289 Te
616 1238 797 1308 spectat
829 1254 881 1286 ea
903 1235 1005 1287 laus
1024 1277 1039 1295 ,
1061 1233 1306 1307 Palmyra:
1335 1230 1459 1286 hanc
1482 1232 1698 1304 palmam
1725 1229 1941 1284 hostibus

513 1312 724 1365 lubente
755 1327 907 1364 matre
935 1350 948 1368 ‚
983 1309 1207 1382 Palmyra
1235 1306 1463 1361 hortante
1484 1307 1687 1374 abstuli,

514 1394 579 1443 Et
605 1404 812 1460 utraque
837 1402 1047 1438 amante.
1076 1384 1253 1440 ‘Palm-
1284 1387 1437 1436 Dona
1456 1404 1516 1436 ne
1543 1385 1732 1458 ignores
1757 1383 1945 1438 Defimss

515 1463 673 1535 Qod
694 1480 854 1516 tantus
879 1459 1026 1513 hodie
1047 1479 1092 1512 es
1115 1501 1127 1520 ‚
1151 1479 1213 1511 ne
1236 1479 1354 1532 ego,
1380 1479 1468 1513 nec
1495 1461 1607 1513 fecit
1633 1479 1799 1531 parens
1819 1483 1828 1509 :

513 1546 685 1594 Fecere
708 1537 878 1610 superi.
904 1542 1014 1611 Cyr.
1039 1536 1167 1590 Fecit
1196 1538 1248 1586 &
1270 1532 1501 1607 superum
1526 1541 1787 1611 Harpagus

516 1615 754 1668 Minister.
793 1618 919 1667 Haec
944 1632 1023 1665 me
1045 1612 1209 1665 funeri
1238 1611 1409 1684 eripuit
1432 1632 1629 1671 manus,

515 1692 705 1745 Eadem
725 1688 1028 1760 triumphum
1049 1687 1244 1760 pepenit.
1275 1692 1440 1765 Harp.
1469 1692 1588 1741 Haec
1608 1708 1697 1761 pro
1716 1706 1763 1741 te
1786 1687 2023 1742 haetenus

516 1770 861 1838 Qaecumq-ue
884 1763 998 1823 feci,
1019 1764 1163 1823 levia,
1183 1784 1272 1817 nec
1296 1763 1452 1817 meriti
1472 1764 1583 1817 loco
2030 1832 2037 1839 ι

516 1841 865 1903 Numeranda,
890 1841 1119 1912 princeps.
1152 1841 1306 1909 Qod
1330 1840 1486 1893 modo
1507 1841 1555 1892 in
1579 1840 1683 1894 luce
1703 1840 1949 1903 omnium,

517 1917 725 1971 Monitis
743 1933 818 1968 tot
844 1937 998 1968 annos
1027 1915 1216 1987 penitus
1243 1914 1459 1969 imbutus
1484 1916 1601 1970 meis
1619 1957 1633 1975 ,
1690 1909 1704 1925 ⁸

519 1998 613 2048 Per
635 2009 681 2044 te
703 1993 797 2063 ipse
817 1991 953 2044 facies
975 2019 992 2052 ‚-
1012 1992 1158 2045 laudis
1181 1991 1276 2045 hoc
1298 2012 1455 2045 unum
1485 1994 1550 2045 est
1580 2010 1752 2066 caput,

518 2069 699 2123 Merita
722 2068 795 2120 illa
819 2087 925 2120 mea
947 2069 1074 2121 sunt.
1090 2069 1285 2122 Mand.
1312 2072 1532 2142 Harpage
1553 2110 1566 2128 ,
1592 2070 1762 2125 eversae
1784 2068 1962 2122 domus

517 2148 774 2219 Regnique
796 2143 1050 2196 columen:
1072 2143 1242 2196 misera
1270 2164 1385 2197 cum
1412 2161 1533 2196 nato
1551 2164 1719 2216 parens

522 2224 715 2273 Servata
740 2237 823 2292 per
849 2234 894 2270 te
917 2220 1008 2271 est:
1035 2237 1209 2292 perge,
1238 2217 1532 2291 Cambysen]
1556 2220 1709 2293 eripe,

519 2295 750 2349 Restituis
771 2294 955 2348 omnes,
980 2297 1144 2373 Harp.
1177 2297 1366 2366 Captus
1387 2297 1624 2371 Astyages
1637 2297 1790 2361 viam,

519 2371 819 2444 Facilemque
843 2369 970 2423 duris
1001 2371 1183 2424 exitum
1203 2375 1348 2424 rebus
1391 2370 1537 2424 dabit.

521 2453 566 2502 C
571 2469 632 2517 yr.
649 2447 898 2518 Experiar,
922 2446 1194 2520 iratumque
1219 2445 1445 2501 mulcebo
1468 2467 1618 2518 prece.

521 2519 648 2577 Mox
667 2522 823 2576 aderit
855 2549 864 2575 ;
887 2520 983 2576 hoc
1011 2540 1064 2577 tu
1083 2562 1096 2582 ‚
1123 2540 1301 2584 mater,
1324 2524 1521 2597 aspectu
1554 2524 1764 2586 abstine,
