2133 3209
530 253 620 286 202
962 229 1338 279 CAROLI
1412 228 1653 278 RUAEI

530 321 635 393 Ipse
660 319 777 372 datae
799 317 969 391 pignus
992 315 1234 386 nusquam
1263 309 1486 367 violabile
1506 315 1641 384 pacis,
2118 329 2133 355 ¹

534 401 675 450 Dum
702 412 863 447 tamen
891 390 989 443 haec
1010 406 1183 442 mouet
1211 389 1308 451 ille,
1330 387 1478 441 oculis
1504 388 1768 461 animisque
1789 384 2045 442 monendo

535 474 612 526 Ut
637 471 785 542 placet
813 485 911 539 tut
935 484 1064 519 certa
1088 464 1271 518 discreti
1292 465 1396 538 lege
1426 464 1612 517 colores

535 547 692 602 Dulce
721 544 899 596 micant
924 550 940 598 Ι
962 542 1101 594 roseo
1130 541 1335 594 confinis
1365 559 1576 613 purpura
1604 538 1759 595 limbo

535 622 778 679 Diluitur,
808 638 933 692 puro
957 618 1091 672 limes
1121 617 1246 672 viret
1275 635 1446 670 aureus
1477 617 1602 691 igni:

539 695 891 768 Concordique
912 693 1078 748 avidos
1103 711 1280 747 recreat
1302 692 1569 746 discrimine
1596 693 1741 747 visus:

607 771 869 826 Fulmineis
901 771 975 834 alii
1000 769 1221 842 quatiant
1251 769 1470 823 mortalia
1498 768 1635 821 dietis

540 848 739 906 Corda,
765 866 931 921 graves
961 846 1146 919 agitent
1174 864 1321 899 vacua
1344 845 1469 898 inter
1490 845 1672 918 pulpita
1692 858 1881 898 motus:

539 930 668 979 Mox
690 921 775 976 ubi
802 922 1015 978 ventosae
1041 919 1110 974 vis
1136 919 1387 973 ambitiosa
1412 921 1628 993 procellae

539 997 788 1054 Detonuit
810 998 1050 1070 primum,
1079 997 1132 1046 ἃ.
1167 996 1278 1050 vani
1308 996 1481 1068 cessere
1505 996 1739 1072 fragores:

542 1076 742 1131 Insanos
755 1073 916 1134 -rituS‚
950 1076 1005 1124 δε
1035 1073 1145 1127 vitae
1171 1073 1333 1124 exorsa
1366 1071 1576 1142 profanae

543 1153 679 1207 Ilicet
704 1190 715 1207 ,
751 1149 938 1203 excuffa
965 1162 1193 1219 repetunt
1222 1147 1484 1201 formidine
1513 1164 1715 1204 mentes,

541 1234 666 1284 Non
692 1226 754 1279 sic
779 1224 963 1279 imbelli
986 1220 1146 1276 sonitu
1173 1222 1380 1276 coelestia
1405 1223 1589 1295 promis

546 1302 711 1358 Effata
739 1301 786 1351 in
818 1299 1049 1372 popu105‚
1078 1297 1275 1351 Harlaee
1307 1318 1316 1348 τ
1350 1317 1437 1351 nec
1461 1299 1586 1352 irrita
1606 1317 1733 1368 caeco

547 1383 767 1450 Impete,
790 1376 911 1429 dum
931 1374 1139 1445 loqueris
1157 1415 1169 1438 ,
1191 1372 1457 1427 verborum
1478 1373 1651 1444 spicula
1672 1372 1841 1441 jaetas:

545 1456 639 1509 Par
667 1452 829 1505 innata
852 1467 948 1503 tuae
970 1449 1125 1504 virtus
1151 1452 1203 1499 ὃς
1232 1449 1381 1522 gratia
1414 1450 1536 1503 voci.

550 1535 737 1604 Magna
763 1547 955 1586 mones,
988 1543 1039 1576 ea
1061 1524 1159 1577 laus
1182 1524 1377 1597 vulgata
1404 1524 1682 1601 5placcsque
1705 1520 1963 1578 monendo,

551 1610 677 1659 Haec
708 1619 790 1655 tua
815 1601 914 1654 laus
938 1621 948 1648 :
976 1616 1118 1652 tanto
1138 1599 1363 1653 conditus
1383 1599 1541 1651 sermo
1567 1600 1756 1670 lepore,

550 1683 686 1734 Tam
716 1675 811 1730 leni
843 1675 903 1728 ad
929 1690 1108 1728 nutum
1130 1672 1217 1726 tibi
1239 1678 1456 1744 profluus
1480 1674 1673 1748 agmine
1699 1672 1873 1727 currit:

550 1757 682 1810 Tam
709 1750 840 1806 facile
865 1767 1074 1804 attentas
1102 1747 1364 1804 hominum
1385 1747 1627 1821 sublapsus
1652 1749 1700 1801 in
1729 1768 1864 1803 aures
1918 1788 1934 1792 -

550 1829 742 1887 Invehit
765 1825 999 1883 aethereos
1030 1841 1223 1881 mutata
1244 1825 1293 1878 in
1324 1830 1528 1899 pectora
1549 1826 1720 1879 sensuS.
