2133 3209
471 264 543 293 ,ιο
652 285 656 289 .
911 242 1255 291 CAROLI
1335 243 1570 291 RUAEI

496 329 672 397 Qam
691 324 879 377 subditi
914 322 1142 399 regisque
1172 321 1435 376 diffideant
1469 323 1656 387 status}

497 401 677 453 Didici
697 398 926 452 ferendo.
970 400 1137 471 Arsin.
1171 398 1357 451 Futiles
1381 399 1506 453 vero
1527 401 1686 452 minas

498 475 679 527 Didici
700 476 919 526 tacendo
943 471 1189 545 spernere.
1229 471 1424 549 Agath,
1453 476 1533 534 Ut
1562 491 1724 533 taceas
1743 515 1758 537 ,
1776 472 1890 526 satis

498 553 603 602 Res
632 548 730 622 ipsa
754 549 1000 619 loquitur„
1040 548 1209 620 Avfin.
1236 551 1361 600 Non
1384 546 1498 600 finis
1518 565 1744 603 taceam?
1765 548 1960 621 loquar.

500 629 648 676 Meus
673 630 727 676 &
754 642 990 674 meorum
1012 622 1140 695 quid
1160 623 1312 676 struas
1336 623 1493 674 hostis
1512 665 1526 686 ,
1549 621 1669 676 scio.
1741 665 1747 670 .

501 702 593 750 Pei·
617 715 665 748 te
696 697 932 750 Seleucus
953 699 1178 752 invicem
1208 704 1264 750 δε
1288 701 1540 766 Amyntas
1558 739 1572 761 ‚
1595 701 1704 771 pari

501 768 724 824 Infenffis
750 771 873 824 odio
894 814 907 835 ,
929 770 1084 826 frater
1114 774 1167 823 in
1199 770 1408 830 fratrem
1438 775 1566 825 ruit:

501 851 665 904 Hunc
688 848 871 920 premis
895 849 1099 918 iniquus
1119 844 1232 898 osor
1249 889 1263 909 ,
1289 849 1428 899 hunc
1450 846 1645 902 blandis
1667 847 1798 906 male

504 921 671 973 Solers
698 940 894 978 amator
917 920 1042 973 fallis
1070 923 1335 974 incautum
1354 920 1482 972 dolis
1504 945 1515 974 :

504 998 598 1047 Per
626 1014 675 1048 te
698 997 774 1049 his
796 1014 1004 1068 paterna
1023 994 1218 1047 facibus
1243 994 1455 1047 ardescit
1480 995 1688 1052 domus:

504 1072 619 1123 Tua
643 1069 725 1121 illa
750 1089 839 1124 tua
862 1069 978 1123 sunt
1005 1087 1192 1142 coepta.
1228 1071 1328 1122 Sed
1351 1068 1520 1121 fraecis
1545 1073 1690 1125 brevi

502 1142 814 1211 Manlsuescet
837 1145 961 1200 ausis
982 1147 1178 1196 animus
1198 1186 1211 1207 ‚
1242 1151 1297 1198 &
1321 1161 1479 1217 ponet
1502 1143 1671 1198 furor:

504 1218 805 1293 Docilisque
826 1217 1043 1272 fraenum
1068 1216 1225 1271 discet⁴
1244 1218 1558 1292 Agathocles
1583 1223 1704 1293 pati,

925 1364 971 1433 S
1013 1365 1072 1431 C
1108 1363 1375 1433 ENA
1462 1366 1611 1435 VI.

648 1491 1360 1551 QAGATHOCLE&
1404 1493 1907 1551 AMYNTAS.

1059 1603 1486 1654 AMYNTAS,

647 1729 695 1780 T
735 1749 900 1782 amare
924 1731 1091 1804 pergis
1111 1771 1125 1795 ‚
1154 1734 1296 1801 cujus
1323 1728 1497 1781 insano
1528 1734 1660 1803 petit

646 1805 721 1855 Te
743 1823 902 1856 mater
927 1804 1051 1856 odio
1074 1847 1090 1867 ,
1112 1804 1266 1856 dubia
1291 1824 1387 1856 nec
1413 1806 1605 1860 titubat
1633 1805 1785 1862 fides:>

509 1879 707 1951 Agath.
742 1882 806 1931 Et
837 1899 1003 1931 amare
1023 1881 1187 1952 pergis
1215 1920 1229 1941 ‚
1257 1898 1415 1951 quem
1439 1896 1521 1932 tot
1544 1882 1790 1954 exemplis
1812 1880 1965 1940 docet

513 1952 688 2004 Odisse
710 1972 904 2009 mater?
939 1959 1151 2029 Amynt.
1182 1952 1343 2005 Nulla
1366 1958 1443 2007 vis
1467 1953 1646 2007 odium
1668 1958 1911 2030 imperat:

512 2028 624 2077 Nec
648 2028 760 2082 vult
785 2048 927 2080 amor
950 2023 1131 2082 serim-e
1161 2048 1174 2087 3
1206 2047 1299 2079 nec
1316 2070 1330 2091 ,
1349 2028 1383 2081 fi
1406 2027 1517 2083 Vult
1532 2070 1546 2090 ‚
1564 2032 1749 2101 potest.

513 2102 680 2165 Mihi,
708 2103 922 2155 Seleuco
943 2145 956 2166 ‚
981 2122 1165 2174 nempe
1194 2101 1415 2156 diversus
1444 2120 1587 2174 pater
1603 2124 1617 2163 5

514 2176 714 2227 Tamen
745 2197 846 2228 una
865 2195 1144 2248 utrumque
1165 2193 1326 2228 mater
1350 2175 1566 2234 Arsinoe
1586 2175 1748 2229 edidit
1767 2199 1782 2239 ς

515 2251 581 2301 Et
610 2270 776 2303 amare
802 2250 1011 2302 fratrem
1034 2268 1256 2322 nequeo.
1289 2250 1381 2301 Nil
1409 2268 1582 2303 tecum
1600 2252 1733 2304 mihi

517 2325 814 2377 Commune
832 2366 845 2386 ,
873 2323 1073 2399 sanguis
1102 2325 1224 2375 alius
1249 2326 1300 2374 in
1321 2328 1463 2379 venis
1489 2324 1634 2387 fluit3
1793 2383 1796 2387 ,

515 2400 627 2449 Nec
649 2419 812 2452 amare
831 2419 1032 2470 nequeo
1057 2422 1067 2451 :
1094 2399 1307 2472 quoque
1337 2401 1611 2453 cohibetur
1640 2403 1799 2476 magis
1821 2425 1834 2465 ς

515 2476 682 2547 Magis
708 2471 968 2529 invalescit
997 2474 1147 2526 ardor
1165 2516 1179 2537 ,
1206 2480 1261 2527 δε
1283 2475 1479 2528 vietum
1503 2478 1663 2528 acrius

478 2614 480 2617 Ι
517 2546 756 2620 Depascit
779 2553 1024 2602 animum.
1065 2547 1283 2625 coAgath.
1315 2548 1485 2602 Dulce
1502 2549 1725 2606 solamen
1745 2550 1889 2606 mali!

517 2629 574 2677 In
598 2643 680 2676 me
706 2643 929 2680 noverca
953 2627 1189 2697 pertinax
1215 2623 1322 2678 odii
1343 2622 1498 2678 furit:
1521 2682 1525 2685 μ
1730 2620 1745 2628 ”
