2133 3209
493 219 582 271 '¹92
847 214 1302 264 &CAROLI
1378 212 1621 263 RUAEI

499 298 588 352 Illa
615 298 719 356 s1nu
739 298 862 362 levi,
878 318 1034 372 quem
1061 294 1248 351 densius
1271 315 1450 372 agmen
1473 315 1642 382 opacat

499 374 836 434 Nimborum,
861 378 914 426 δε
948 393 1084 428 coeca
1101 373 1434 457 splendentem
1458 375 1689 428 terminat
1713 372 1910 436 umbra,

499 451 689 523 Excipit
719 451 901 523 illapsos
931 467 1079 525 atque
1107 450 1156 501 in
1178 450 1224 503 se
1249 448 1459 523 colligit
1449 468 1602 541 ignes.

500 527 665 603 Urget
685 547 809 598 opus
831 527 1010 580 Titan:
1036 544 1234 600 jamque
1257 524 1464 579 aemula
1455 543 1640 578 lumlna
1671 526 1844 585 vellet,

499 572 614 655 EtD
593 623 718 676 quos
737 603 891 677 pingit
918 602 1078 656 adhuc
1097 602 1256 675 ‘pictos
1283 608 1385 675 jam
1407 620 1600 654 cernere
1623 602 1803 657 vultus,

498 679 578 732 Sic
605 678 754 749 placet
775 679 850 733 illa
874 696 1062 739 tamen,
1086 698 1174 732 nec
1206 679 1421 756 degener
1445 679 1619 733 ardet
1607 699 1806 753 1mago,

498 756 786 826 Imperfeffita
807 755 952 808 licet:
942 755 1151 828 .quippe
1175 753 1303 808 hanc
1325 775 1459 818 nova
1481 755 1667 814 forma,
1702 755 1941 827 decusque

496 831 639 884 Lucis
662 831 946 891 inoffensae,
971 836 1025 882 ἅ
1048 830 1197 884 radii
1184 848 1282 900 Jam
1307 829 1437 884 mille
1458 848 1718 884 cor.onant

564 909 704 960 Dum
728 905 947 959 Phoebus
970 905 1054 960 fibi
1077 906 1285 978 plaudit,
1314 910 1368 957 &
1395 905 1495 959 haec
1523 907 1749 962 miracula
1780 904 1915 960 terris

496 984 749 1046 Ostentat‚
779 983 934 1034 nimio
954 984 1263 1035 flammarum
1286 982 1458 1034 ardore
1479 981 1708 1036 subaeffls

494 1060 620 1110 Non
647 1062 924 1130 expestatos
951 1058 1093 1112 solvit
1121 1057 1167 1110 se
1191 1056 1388 1110 nimbus
1411 1058 1460 1109 in
1487 1056 1695 1130 imbres,

492 1136 597 1186 Nec
629 1136 779 1188 finem
810 1135 1003 1208 egregio
1035 1133 1143 1186 finit
1167 1132 1443 1206 imposuisse
1470 1131 1648 1188 labori.

490 1209 720 1281 Liq=1itur
749 1210 795 1261 in
818 1211 1035 1282 pluviam
1059 1210 1194 1263 color
1223 1211 1413 1267 omnis,
1444 1213 1497 1261 &
1525 1229 1667 1263 aurea
1691 1210 1861 1263 senfim

488 1287 666 1338 Forma
696 1287 835 1338 simul
863 1286 1088 1340 volucres
1104 1285 1296 1361 fugiens
1326 1285 1572 1341 vanescit
1561 1305 1611 1337 1n
1637 1305 1785 1339 auras.

560 1360 633 1413 Sic
653 1360 906 1415 Phoebum
933 1361 1119 1420 tenuis,
1149 1330 1363 1414 necdum
1386 1361 1598 1431 perfecta
1623 1362 1838 1435 reliquit,

489 1436 619 1506 Qae
642 1435 839 1491 Phoebo
861 1439 1047 1501 fuerat,
1071 1441 1202 1497 Par,
1211 1436 1264 1508 st
1285 1435 1526 1509 duraffit,
1552 1455 1734 1514 imago.

554 1515 654 1564 TE
681 1533 908 1588 quoque,
935 1530 1234 1586 magnorum
1257 1527 1386 1565 vates
1410 1529 1480 1563 ter
1511 1485 1723 1566 maxime
1748 1531 1916 1571 vatum
1933 1554 1948 1575 ,

487 1587 641 1640 Gallia
671 1609 822 1661 quem
847 1557 1049 1642 dudum
1065 1604 1211 1660 atque
1235 1585 1498 1640 immensus
1520 1588 1708 1659 suspicit
1731 1590 1890 1648 orbis,

492 1666 563 1716 Te
596 1683 796 1737 quoque
819 1662 999 1718 turba
987 1683 1156 1737 ingens
1183 1661 1506 1744 nequicquam
1530 1684 1719 1736 aequare
1746 1663 1966 1719 canendo

486 1740 812 1813 Aggreditur,
834 1740 1082 1823 capitique
1105 1757 1237 1811 pares
1257 1757 1510 1808 lmponere
1535 1738 1709 1793 lauros.

484 1818 716 1889 Namque
746 1817 876 1868 nefas
897 1835 1065 1868 animis
1092 1811 1376 1868 mortalibus
1405 1814 1510 1869 avia
1534 1814 1678 1889 longe

482 1891 624 1944 Pindi
645 1892 736 1949 adv
743 1909 815 1955 ta,
846 1895 899 1943 &
920 1892 1072 1944 sacros
1095 1907 1258 1943 tecum
1282 1907 1528 1961 penetrare
1557 1892 1781 1946 recessus:

483 1969 650 2019 Tanta
671 1967 758 2019 tibi
781 1985 931 2039 atque
958 1987 1053 2020 tuae
1087 1965 1290 2019 debetur
1312 1965 1464 2040 gloria
1493 1968 1642 2041 genti.

480 2046 549 2094 Et
572 2044 603 2096 fi
629 2043 756 2096 saecla
777 2043 864 2096 fibi
886 2042 1093 2097 similem
1112 2060 1314 2097 ventura
1342 2042 1607 2102 reservant,

481 2118 591 2180 Ille,
619 2118 705 2171 erit
736 2119 809 2172 ille
834 2139 949 2173 tuus
974 2119 1169 2172 tandem
1193 2137 1206 2173 3
1231 2135 1316 2171 aut
1343 2118 1375 2169 fi
1398 2119 1498 2170 fata
1524 2122 1766 2179 recusant,

479 2194 658 2249 Nullus
686 2199 802 2259 erit,
834 2195 1070 2249 Corneli:
1101 2212 1246 2267 atque
1267 2193 1366 2247 haec
1389 2211 1552 2249 tecum
1575 2196 1735 2250 inclita
1761 2195 1886 2249 fama

481 2269 610 2321 Ibit
602 2292 648 2323 1n
670 2239 916 2346 Elysium,
943 2274 995 2322 ὃς
1019 2271 1257 2346 grandem
1279 2269 1589 2324 comitabitur
1614 2271 1852 2326 umbram

545 2350 622 2400 Tu
653 2348 860 2401 Carlum
893 2348 1015 2401 tanti
1019 2315 1279 2422 &gaudebas
1307 2346 1521 2399 nomims
1550 2348 1668 2401 olim

477 2425 797 2477 Venturum
788 2445 837 2476 1n
857 2443 1086 2496 partem:
1112 2422 1281 2475 doctas
1311 2441 1414 2477 tam
1436 2441 1692 2497 promptus
1717 2425 1765 2478 in
1792 2442 1928 2481 artes,

476 2499 605 2551 Tam
634 2498 796 2552 docilis
813 2541 826 2559 ‚
850 2517 990 2553 tanto
1011 2499 1264 2554 Musarum
1298 2497 1497 2552 ardebat
1523 2519 1705 2553 amore.

475 2576 581 2626 Nec
598 2575 757 2629 minus
787 2579 838 2628 ὃς
870 2597 1023 2649 puero
1047 2596 1181 2631 mens
1206 2574 1364 2632 vivida
1381 2618 1396 2640 ,
1434 2579 1486 2628 ὅ(
1511 2576 1689 2632 inditus
1709 2577 1858 2653 igniS,⁴

1572 2677 1579 2683 -
1909 2657 1973 2707 Et
