2133 3209
423 203 704 254 CYRUS
773 196 1322 278 TR'AGOEDrA‘:

105 294 215 346 Nec
236 308 315 343 me
338 289 605 374 imperandi
626 309 774 344 caecus
797 289 1000 346 armavit
1027 289 1190 347 furor,

108 368 199 421 Sed
227 366 387 420 sancta
411 366 574 437 pietas,
608 366 862 420 Vicimus:
887 380 1052 440 regnas
1081 382 1249 419 tamen

106 442 337 515 Vivisque
385 442 636 516 Qicquid
651 437 780 495 sorte
798 441 995 496 vietoris
1015 461 1182 496 meum
1208 442 1301 498 est,

106 518 320 571 Pretium
343 534 548 589 parentis
571 521 745 590 accipe.
782 521 937 570 Hunc
965 534 1188 575 tenuem,
1209 529 1409 590 precor,

105 593 319 666 Duplicis
345 592 574 666 triumphi
593 613 653 646 ne
675 593 792 646 mihi
810 593 1030 646 fruetum
1053 592 1232 648 invide.

108 670 200 724 Vel
231 669 397 723 cadere
432 688 614 744 regno,
645 686 776 751 patre
800 668 920 721 dum
940 668 1121 741 potiar,
1142 668 1331 722 lucrum
1353 668 1432 720 est.

106 748 237 818 eAst.
259 746 526 820 Magnifica
549 713 723 799 ve'rba!
749 745 937 813 juvenis
959 745 1228 798 animosam
1248 742 1490 796 indolem!

107 822 292 875 Audire
307 793 484 894 probra
503 821 680 885 libuit,
706 824 757 872 δε
786 820 1001 874 frontem
1030 821 1142 893 pati.

107 897 200 950 His
223 916 268 950 te
286 897 523 951 nefandus
546 898 791 973 transfuga
808 896 1011 951 instituit
1028 897 1149 951 dolis
1166 938 1180 956 ,

109 976 209 1026 Has
233 974 401 1027 docuit
424 990 559 1027 artes.
594 978 768 1036 Tune,
790 990 842 1026 tu
862 989 1032 1048 regum
1053 975 1224 1027 audeas

108 1048 281 1104 Subire
296 1050 485 1108 vultUS‚
512 1050 750 1122 proditor.
777 1018 944 1126 Harpo
964 1053 1132 1133 Qen]
1151 1050 1216 1103 nil
1236 1048 1386 1122 pudet

105 1125 309 1179 Feciffe
298 1127 486 1199 inique,
514 1145 600 1179 nec
625 1130 793 1179 Deum
815 1128 978 1180 vultus
999 1143 1154 1179 tlmet

104 1200 191 1255 Nil
214 1200 384 1253 scelera
410 1200 564 1254 verbis
592 1220 786 1275 purgo:
813 1220 1136 1273 quaecumque
1161 1199 1447 1271 exprobras,

107 1278 275 1347 Superi
297 1276 567 1347 probarunt
585 1276 748 1329 facita·
782 1277 884 1347 plus
901 1277 1007 1328 satis
1025 1278 1088 1328 est
1112 1274 1287 1348 probo.

106 1357 249 1409 vm
277 1353 435 1406 Etiam
449 1352 644 1405 scelestis
663 1350 835 1405 umbra
858 1351 1045 1406 virtutis
1068 1351 1235 1437 placet.

111 1430 371 1501 Tyranne,
393 1447 494 1480 non
517 1428 825 1481 ficludimur.
865 1431 1100 1499 Qanta
1089 1426 1259 1500 imperi

109 1502 331 1557 lllecebra
342 1524 523 1577 ‚quam
542 1503 784 1577 profunda
806 1522 852 1556 te
876 1503 1086 1558 stimulet
1108 1504 1227 1563 siti3‚

108 1580 362 1633 pervideo,
388 1583 578 1663 Sponte
600 1599 863 1662 purpuram
887 1581 1127 1653 nusquam
1153 1580 1308 1641 exuit,

110 1656 316 1709 Induere
333 1656 542 1729 quisquis
567 1674 743 1728 potu1t.
771 1660 920 1710 Hanc
937 1657 1100 1730 praedo
1126 1657 1299 1709 indue:

111 1735 202 1784 Me
229 1752 308 1784 me
324 1733 499 1785 catenis
520 1732 702 1785 obrue.
727 1751 783 1784 ex
802 1753 948 1806 aequo
973 1734 1168 1786 interim

117 1811 255 1859 Tuus
279 1808 352 1860 ille
373 1807 567 1881 genitor
593 1807 788 1863 vinculis
814 1809 1051 1883 pressus&
1020 1826 1197 1861 Oemet.

114 1888 158 1937 C
143 1903 286 1957 yraes
324 1883 593 1957 Utrimque
614 1884 802 1956 pocius,
831 1853 1051 1938 vincul?
1042 1885 1289 1958 utrimque
1309 1885 1541 1941 excidant.

113 1961 237 2030 Qo
258 1978 339 2012 me
359 1960 629 2014 obstinatus
649 1960 833 2034 adigis?
855 1964 964 2034 Ast.
993 1965 1054 2012 Et
1073 1982 1169 2033 qua
1189 1981 1267 2013 me
1284 1962 1411 2014 irrita

116 2036 212 2104 Spe
233 2035 373 2105 pascis
396 2052 409 2088 ἒ
432 2035 664 2110 agedum,
688 2056 812 2107 quos
827 2035 971 2088 dabis>
982 2038 1109 2108 paeti
1132 2037 1298 2089 vades?

117 2114 161 2163 C
145 2129 286 2188 yrus
318 2113 424 2181 042
379 2132 465 2163 105
491 2129 637 2163 nemo
661 2111 805 2172 fallit,
829 2111 1038 2166 vindices
1055 2111 1184 2184 paeri
1206 2114 1356 2164 Deos.

115 2186 229 2256 Ast
255 2187 392 2240 Dum
415 2189 593 2258 sceptra
620 2203 873 2245 maneant,
898 2188 1077 2271 quippe
1098 2205 1327 2242 curantur
1347 2188 1476 2244 Dei!

117 2258 244 2313 Mihi
264 2262 430 2315 crede:
455 2282 590 2316 meus
609 2282 683 2326 es,
702 2263 863 2337 ingeni
884 2284 1001 2318 novi
1024 2263 1243 2317 indolem
1259 2304 1295 2327 ,

117 2338 239 2404 Q>
262 2338 352 2390 sint
372 2338 483 2391 loco
505 2337 590 2391 tibi
606 2339 812 2410 sceptra,
834 2360 935 2413 quo
963 2359 1174 2393 numero
1195 2341 1328 2393 fides,

118 2410 209 2463 Mi·
204 2413 243 2463 ii
261 2432 389 2466 certa
410 2434 540 2468 mors
558 2418 637 2470 est.
667 2414 828 2467 Avida
851 2436 953 2488 quo
978 2435 1092 2469 vota
1114 2415 1305 2488 impleas

123 2489 261 2540 Cura
281 2490 524 2561 expeditus
548 2493 600 2541 &
625 2509 788 2554 metu,
815 2509 997 2562 patrem
1022 2512 1156 2563 cupis

122 2565 236 2617 Post
260 2583 403 2641 regna
425 2585 584 2640 rapere
606 2588 614 2614 .·
640 2586 785 2644 regna
803 2567 1025 2640 potuisti,
1050 2585 1234 2640 patrem

1323 2649 1377 2699 H
1402 2645 1445 2714 iij

1568 199 1620 250 '61
