2133 3209
506 190 1114 249 PANEGYRICL
1512 204 1589 268 153'

79 286 315 342 Indociles
338 286 553 344 animOS,
587 288 639 336 ὃς
663 283 783 337 bella
812 283 971 337 insana
1002 284 1216 338 referres.

78 369 151 418 At
176 380 257 416 tua
279 383 408 416 nunc
427 361 572 414 iidem
592 360 854 414 lacerarent
881 360 1053 414 viscera
1081 376 1271 443 motus,

77 444 225 492 Forte
250 440 393 491 etiam
420 442 472 489 &
498 438 743 510 propriaD
712 455 922 488 cerneres
954 436 1169 509 oppressa
1191 436 1353 490 ruina:

75 514 145 568 Ni
167 514 252 566 tibi
279 533 454 586 magna
482 516 675 575 anima,
712 516 765 563 &
792 513 938 564 tantis
959 533 1043 584 par
1066 533 1205 566 unica
1231 512 1428 586 coeptis,

77 594 309 643 Sanctum
339 589 599 661 inspiraffet
632 590 821 641 sincerae
843 589 969 658 pacis
989 608 1227 642 amorem.

74 666 196 719 Felix
218 665 292 717 illa
316 682 548 736 operum,
572 685 723 737 quam
746 681 834 715 nec
855 665 1056 716 fortuna
1081 683 1280 717 movere

73 746 230 798 Laeta‚
254 760 342 794 nec
363 741 541 794 adversi
575 756 843 811 potuerunt
862 739 1083 814 frangere
1113 739 1266 792 casus?

75 819 239 886 Quam
263 817 464 870 similem
485 816 686 888 agnovit
714 816 813 866 sors
837 833 1055 889 utraque.
1090 815 1283 869 Talibus
1302 814 1365 868 illi

74 891 368 964 Spectabant
397 893 572 945 animis·
597 891 772 945 funesti
797 891 1015 944 incendia
1036 891 1168 944 belli:

71 974 204 1021 Cum
228 967 390 1021 subito
412 969 585 1040 species
613 967 760 1021 oculis
780 967 1038 1041 gratissima
1060 967 1225 1041 surgit.

71 1043 312 1098 Dulcibus
341 1043 606 1099 hicrvinclis
628 1043 824 1097 Gallum
848 1045 1105 1115 componit
1129 1043 1272 1096 Ibero

71 1122 259 1194 Magna
288 1140 470 1191 parens.
511 1121 662 1173 Micat
684 1118 793 1171 hinc
820 1117 956 1172 fortis
981 1121 1253 1177 Lodo'icus‚
1281 1122 1335 1174 δέ
1357 1117 1468 1172 inde

69 1196 237 1270 Regali
268 1195 445 1248 incedit
475 1196 690 1247 formosa
715 1195 938 1246 Theresia
964 1195 1127 1248 cultu:

71 1270 243 1324 Ambo
274 1271 480 1324 caeruleis
505 1272 707 1345 infignes
743 1269 981 1328 vestibus,
1009 1290 1131 1323 auro

70 1349 206 1419 Qas
239 1348 398 1418 super,
429 1350 481 1398 ὃς
508 1347 650 1399 fulvo
670 1346 939 1419 distingunt
960 1345 1053 1398 lilia
1083 1363 1235 1400 textu.

72 1426 215 1474 Anna
247 1441 413 1476 autern
436 1422 484 1474 in
509 1422 697 1479 medio,
722 1421 871 1474 laevos
899 1423 1040 1474 exosa
1068 1422 1309 1476 tumultus

66 1497 335 1561 Bellorum,
360 1501 411 1548 &
435 1498 639 1572 geminae
663 1498 852 1550 dudum
875 1514 952 1549 tot
975 1497 1146 1552 funera
1168 1497 1353 1573 gentis,

69 1574 388 1626 Concordes
377 1577 537 1647 jungit
556 1572 753 1625 sancta
743 1593 790 1624 in
815 1572 1063 1626 connubia
1085 1576 1287 1628 dextras.

67 1650 172 1702 Nec
201 1650 369 1721 procul
389 1650 500 1702 inde
525 1648 651 1700 {ubit
676 1653 774 1702 Pax
795 1648 1047 1720 pronuba,
1073 1670 1223 1723 quam
1243 1650 1376 1704 bona
1398 1653 1578 1709 circum

69 1726 248 1808 Copia,
278 1729 329 1776 ὃς
356 1725 512 1778 effuso
537 1725 838 1777 comitantur
863 1725 1050 1777 Gaudia
1073 1726 1252 1797 plausu.

67 1801 137 1865 Q
141 1821 202 1852 in
231 1804 282 1852 ἃ
309 1799 602 1854 Borbonidae
627 1803 818 1873 juvenis
841 1801 1010 1871 procul
1030 1820 1161 1854 arma
1182 1806 1361 1872 jacere,

66 1879 131 1928 1³0
124 1876 449 1950 ‚lgenternque
472 1896 591 1929 auro
611 1877 826 1950 galeam,
853 1879 905 1927 ἃ
934 1876 1129 1930 thoraca
1153 1877 1443 1951 superbum,

67 1954 131 2003 Et
153 1936 327 2004 {irides
351 1953 540 2010 lauros,
567 1951 805 2024 positique
837 1951 1032 2026 insignia
1063 1953 1201 2016 belli,

69 2032 276 2079 Cernere
303 2047 436 2080 erat·
456 2027 595 2079 sltnul
616 2033 668 2081 &
693 2027 887 2079 reduces
910 2029 1190 2102 circumque
1215 2029 1451 2104 supraque

66 2103 255 2156 Ludere
279 2104 498 2176 pacificos
522 2103 683 2161 Risus,
717 2103 914 2175 pacique
945 2103 1219 2175 trophaeum

66 2180 272 2238 Ponere,
307 2187 362 2235 ὃς
390 2179 604 2250 implexis
632 2179 879 2231 innectere
899 2179 1099 2233 floribus
1120 2200 1264 2237 arma.

67 2256 210 2308 Hanc
233 2275 398 2327 pacem
415 2296 426 2314 ,
452 2254 540 2307 hos
560 2255 685 2307 lusus
703 2295 720 2315 ,
745 2253 845 2308 haec
869 2257 1046 2310 fecerat
1068 2257 1166 2310 otia
1193 2257 1343 2311 Gallis

66 2333 206 2383 Anna
228 2352 393 2403 parens
412 2354 428 2383 .·
453 2332 626 2403 superis
652 2329 751 2383 haec
777 2332 904 2403 picta
926 2332 1169 2386 coloribus
1191 2333 1340 2386 ambo

65 2406 330 2470 Suspiciunt
357 2409 509 2480 genii,
533 2408 821 2480 factumque
849 2407 896 2459 in
919 2409 1130 2482 imagine
1158 2409 1376 2462 laudant.

138 2484 275 2536 Tun]
304 2484 476 2537 deinde
498 2483 558 2536 ad
578 2484 748 2537 laevam
774 2482 932 2537 caelata
964 2485 1183 2557 apparuit
1205 2485 1356 2550 aedes,

67 2557 226 2637 Celsa,
264 2562 491 2634 augusta,
514 2560 711 2635 ingens
733 2579 829 2633 qua
850 2580 983 2616 nunc
1006 2563 1052 2616 se
1077 2560 1291 2616 maxima
1318 2529 1463 2644 jzic'tat

1263 2642 1310 2690 X
1341 2638 1371 2712 ij
