2133 3209
553 196 1632 254 PANEG'YR101.181

123 290 190 340 Et
212 287 441 362 reliquas
428 302 552 341 inter
571 304 717 360 caput
742 287 882 341 effert
910 286 1047 340 unica
1072 300 1259 363 gentes
1252 289 1274 329 P

125 365 258 416 Nam
282 366 400 438 quid
421 363 594 417 deinde
624 365 716 417 tuis
741 363 963 419 conferre
992 362 1237 417 laboribus
1262 361 1384 416 aufit

126 439 295 493 Attica
318 440 627 512 simplicitas?
645 439 787 513 quid,
815 439 966 492 hianti
994 439 1187 494 invecta
1215 436 1461 492 cothurno

126 517 188 566 Et
221 515 412 568 tumido
433 516 658 570 incedens
679 516 896 589 Hispana
920 515 1158 589 tragoedia
1185 516 1344 588 palsu?

124 591 262 653 Quid
285 610 481 644 veneres
509 592 636 645 Italae
652 633 662 650 ‚
693 593 927 664 frastique
951 591 1199 663 loquacior
1222 592 1319 645 oris

123 666 353 719 Mollities
375 671 402 721 ?
419 668 538 741 quid
567 667 801 721 Romulei
825 667 923 720 laus
944 686 1040 720 una
1069 665 1246 720 theatri

125 745 365 807 AnnaeuS‚
397 744 547 799 veteri
572 760 849 796 concretam
877 741 1059 824 frigore
1085 761 1288 802 venam,

122 821 193 871 Et
217 838 366 873 vacua
392 822 604 873 ostentet
629 818 851 872 clamosae
871 835 1029 890 jurgia
1047 818 1225 872 scenae.
1218 824 1240 860 Ρ

201 895 292 948 His
311 914 470 949 rerum
498 897 614 949 fines
640 895 836 958 meliuS,
868 895 1159 968 penitusque
1177 895 1378 948 latentes

124 970 377 1046 Vestigare
401 971 532 1026 vias:
560 971 630 1025 his
660 971 876 1043 praepetis
900 989 1067 1023 omme
1092 991 1290 1043 pennae,

127 1050 234 1099 Aut
264 1047 394 1100 fibris
421 1047 622 1109 ovium,
646 1049 776 1100 casus
804 1046 984 1118 aperire
1007 1047 1200 1100 futuros

125 1126 211 1175 Fas
236 1122 377 1175 fuerit
406 1145 414 1172 :
441 1124 512 1176 fas
535 1123 705 1177 artifici
733 1122 951 1195 spirantia
977 1121 1109 1175 coelo

125 1197 350 1259 Mollius,
373 1216 456 1252 aut
480 1200 597 1253 vivis
619 1217 808 1273 aequare.
832 1197 1076 1251 coloribus
1102 1197 1209 1251 orass

129 1274 271 1326 Saecla
293 1273 379 1326 tibi
409 1295 584 1348 magna
605 1275 795 1329 dudum
820 1274 992 1327 tellure
1023 1274 1201 1344 sepulta

127 1350 440 1403 Carminibus
470 1369 686 1421 reparare
703 1391 714 1408 ‚
739 1369 979 1423 novaeque
1009 1350 1262 1402 refundere
1287 1348 1407 1410 luci,

128 1428 227 1478 Hae
257 1426 346 1479 tibi
365 1427 474 1479 sunt
497 1444 643 1488 artes,
668 1425 871 1479 Corneli
892 1445 906 1480 5
926 1424 1036 1478 hinc
1067 1425 1278 1477 nominis
1303 1424 1391 1477 ibit

127 1500 309 1574 Fulgor
330 1502 378 1554 in
405 1502 698 1554 immensum
715 1543 731 1562 ,
756 1505 809 1553 6<
835 1502 965 1554 coelo
993 1502 1037 1553 se
1065 1501 1218 1554 Gallia
1242 1500 1395 1555 tollet.

207 1581 317 1629 Hac
340 1595 393 1631 tu
418 1579 674 1649 conspicua
700 1577 842 1630 famae
867 1576 1080 1629 sublimis
1104 1579 1164 1629 ab
1198 1595 1306 1629 arce

130 1650 416 1724 Splendidus
441 1654 490 1705 in
512 1654 678 1713 radiis,
703 1671 873 1706 tenues
897 1672 957 1704 ne
981 1653 1161 1722 despice
1185 1653 1363 1706 Musas.

126 1732 270 1780 Forte
295 1729 520 1802 equidem
546 1730 758 1782 indoctae
783 1744 1018 1783 moveant
1047 1726 1224 1780 fastidia
1251 1727 1425 1799 plebis,

131 1809 235 1856 Aut
256 1822 438 1857 teneras
460 1805 667 1858 lacerent
687 1803 942 1878 perecrinis
965 1802 1182 1856 cantibus
1205 1821 1365 1856 aures:

129 1884 202 1932 At
227 1901 329 1932 non
355 1882 615 1953 incomptae
643 1880 837 1935 venient
861 1878 979 1942 tibi,
999 1899 1117 1951 quas
1147 1896 1228 1931 tua
1252 1898 1403 1952 nuper

128 1960 314 2009 Laurus
339 1957 580 2010 inaffuetae
603 1955 780 2011 velavit
804 1955 988 2008 frondis
1015 1940 1236 2012 bonore,

129 2033 264 2101 Qs
295 2033 449 2103 patrio
472 2033 678 2108 infignes
709 2032 902 2085 voluisti
926 2031 1141 2083 incedere
1160 2029 1310 2083 cultu

133 2108 227 2159 His
246 2107 367 2161 adeo
396 2126 570 2161 tenerae
559 2078 624 2161 &fi
646 2108 749 2161 laus
782 2114 837 2162 δε
868 2107 1017 2182 gratia
1042 2107 1216 2159 formae

134 2182 273 2241 Ulla,
295 2183 441 2237 decor
465 2202 547 2257 per
572 2202 620 2237 te
640 2183 772 2239 venit
795 2153 996 2243 omonis5
1022 2185 1074 2234 ὃς
1102 2180 1334 2234 omnibus
1355 2200 1554 2254 aequum
1577 2185 1643 2236 est

133 2262 249 2331 Qa
277 2277 537 2331 poterunt,
562 2260 798 2317 numeris,
821 2259 1011 2311 meritas
1037 2257 1124 2311 tibi
1148 2257 1331 2311 iolvere
1356 2275 1527 2330 grates

133 2335 192 2386 Id
216 2354 400 2406 patere,
426 2335 504 2390 has
526 2336 732 2390 memori
758 2334 844 2386 tibi
873 2334 967 2386 sese
993 2335 1207 2387 addicere
1234 2351 1422 2396 mente,

63 2447 69 2455 ,
136 2413 488 2486 AEternamque
511 2430 600 2466 tuo
628 2411 713 2464 fibi
736 2411 935 2462 nomine
958 2411 1166 2462 condere
1186 2428 1389 2462 nomen.

206 2487 375 2557 Qalis
405 2488 488 2541 ubi
509 2490 643 2542 lento
665 2486 824 2541 media
849 2485 973 2538 inter
994 2489 1213 2560 gramina
1242 2484 1371 2556 lapsu

137 2563 321 2616 Tenuis
346 2563 502 2618 adhuc
524 2565 722 2623 hedera,
757 2565 810 2613 δέ
832 2562 1071 2617 frondosis
1097 2561 1259 2616 abdita
1280 2560 1468 2691 sylvi-⁵3}

1418 2657 1469 2711 llJ
