2133 3209
543 198 1209 268 1v141se1÷1st⁴ANAEA.¹
1535 213 1618 268 257

109 284 335 358 Tangere
356 325 369 346 ‚
397 285 450 334 &
481 280 682 334 indocili
704 282 932 354 praetensa
955 282 1176 358 repagula
1195 298 1330 336 terrae

107 363 364 431 Rumpere
395 358 459 410 nil
491 357 699 409 dubitet.
733 358 928 412 Tantus
954 359 1079 433 rapit
1102 360 1243 413 ardor
1272 356 1486 432 habendi
1511 399 1523 418 ,

106 436 274 487 Tanta
302 434 448 488 etiam
476 434 614 496 vetiti
641 432 795 485 rabies
820 454 909 487 nos
937 435 1149 488 criminis
1168 452 1311 511 urget
1337 454 1348 482 ε

105 513 213 563 Nec
239 528 403 562 metus
424 549 435 573 ‚
457 526 541 561 aut
569 509 679 560 duri
711 511 909 583 poffunt
936 528 1162 565 revocare
1181 511 1364 563 labores
1390 526 1398 560 i

166 584 307 658 Qid
334 612 347 645 3
381 584 464 657 qui
486 584 655 636 fraude
675 584 797 637 mala
817 583 989 641 vivacis
1013 586 1191 639 semina
1215 589 1425 641 flammae

106 659 356 715 Subduxit
380 659 498 712 caelo
519 701 532 721 ‚
558 663 610 710 ὃς
633 679 789 713 vacuo
810 661 939 731 prior
967 661 1129 713 intulit
1151 661 1261 714 orbi
1282 702 1296 722 ,

104 735 282 789 Audax
305 733 459 807 Japeti
478 732 669 786 soboles
691 774 704 792 ,
731 754 884 807 quam
909 735 1062 787 multa
1092 755 1174 807 per
1200 737 1364 812 ignem

102 813 306 864 Damna
330 811 435 865 solo
461 808 675 864 invexit5
705 807 872 863 Dolor
898 808 1046 875 hine,
1070 814 1122 863 &
1152 813 1301 885 turpis
1325 816 1504 891 egestas
1523 854 1538 875 ,

101 889 168 938 Et
196 885 341 939 febris
363 927 376 946 ,
406 889 460 938 &
485 886 628 960 nigris
657 884 952 939 morborum
982 888 1211 942 exereitus
1233 889 1313 943 alis

101 961 339 1015 Incubere
371 982 380 1011 ε
406 962 535 1034 prius
563 963 760 1015 semotae
784 963 917 1015 tarda
940 964 1066 1016 necis
1091 963 1167 1016 lex

99 1039 353 1110 Corripuit
373 1038 542 1091 celeres
568 1037 869 1110 populorum
890 1037 938 1089 in
965 1039 1135 1092 funera
1158 1040 1341 1115 greffus
1365 1082 1383 1104 ,

102 1113 263 1167 Unius
284 1117 352 1167 ob
386 1133 566 1168 noxam
591 1117 643 1165 &
669 1113 863 1167 furtum
891 1113 1032 1166 fatale
1052 1116 1346 1170 Promethei,

159 1192 265 1242 Nec
288 1190 448 1244 minus
468 1188 686 1242 insolitos
712 1192 893 1242 traetus
921 1230 934 1248 ,
959 1188 1244 1263 hominique
1264 1209 1459 1269 negatas

99 1264 327 1317 Daedalus
354 1266 419 1317 ire
443 1266 538 1319 vias
559 1267 796 1338 aggreffus
818 1304 831 1322 ,
860 1264 1014 1318 inania
1034 1267 1201 1337 pennis

101 1340 225 1392 Visit
247 1382 264 1401 ,
289 1343 340 1391 ὅ(
367 1340 577 1392 aethereis
601 1341 706 1392 lusit
734 1359 890 1393 novus
914 1340 1005 1392 ales
1024 1341 1072 1392 in
1091 1343 1228 1394 auris.

100 1416 203 1484 Ipse
231 1416 371 1469 etiam
397 1414 664 1468 Herculeos
684 1457 699 1477 ,
728 1414 836 1466 licet
858 1415 1014 1468 invius
1036 1457 1052 1476 ,
1077 1413 1271 1469 horruit
1292 1418 1427 1471 ausus

100 1491 194 1544 Dis
225 1509 356 1562 pater
388 1491 607 1544 :invicto
631 1510 744 1542 cum
771 1487 950 1542 robore
970 1490 1150 1544 fractus
1177 1534 1194 1553 ‚
1224 1493 1429 1546 inermes

101 1567 255 1619 Sensit
285 1566 415 1619 hians
441 1566 590 1618 rietus
615 1568 667 1616 ἃ
699 1564 871 1616 inertes
893 1565 1138 1619 Cerberus
1158 1566 1340 1639 hydros
1365 1609 1382 1629 ,

100 1641 409 1714 Invisamque
429 1642 580 1694 oeulis
602 1641 758 1694 lucem
785 1640 1147 1714 indignantibus
1168 1641 1334 1697 hausit.

170 1716 598 1771 Scilicethumanas
625 1718 725 1789 agit
743 1713 1038 1770 haecvesania
1060 1735 1247 1770 mentes
1274 1758 1288 1777 ,

101 1792 186 1845 Nil
207 1794 408 1865 usquam
434 1811 488 1844 ut
513 1791 690 1844 sceleris
714 1831 727 1849 ,
753 1790 818 1843 nil
847 1792 987 1845 stulta
1017 1791 1065 1844 in
1096 1812 1258 1865 coepta
1286 1793 1565 1868 relinquant

101 1870 301 1921 Fraudis
321 1868 604 1920 inaccessum
633 1888 642 1915 :
665 1867 731 1918 nil
757 1867 888 1939 spem
917 1908 929 1926 ,
957 1868 1020 1920 nil
1046 1868 1224 1922 robora
1251 1870 1426 1923 vincat.

104 1943 296 1997 Caelum
323 1944 446 1995 adeo
471 1944 602 1996 facitis
625 1944 832 2014 petimus
854 1982 866 2000 ‚
892 1963 1050 2017 neque
1078 1963 1266 2017 parcere
1292 1945 1432 2001 Divis

104 2022 249 2072 Terra
270 2021 427 2091 potest
454 2059 466 2077 ‚
498 2038 657 2092 neque
676 2019 783 2071 lassa
805 2039 954 2073 manu
976 2021 1217 2092 deponere
1242 2022 1332 2074 tela

104 2094 288 2166 Jupiter
314 2116 323 2141 t
347 2095 532 2147 ultrices
554 2096 673 2147 dum
700 2095 872 2165 sponte
892 2096 1155 2149 laceffimus
1179 2097 1269 2149 iras
1290 2137 1302 2155 ,

106 2170 386 2246 Majorique
412 2170 568 2223 minus
594 2170 899 2225 cumulamus
924 2171 1122 2225 crimine
1149 2173 1351 2226 crimen.

1351 2419 1441 2467 Kk
