2133 3209
499 163 1103 238 PANEGYR1cn

76 275 286 329 Solcrtes
311 272 530 330 animos,
559 275 613 323 &
644 271 898 347 relligionis
922 288 1163 326 amantes.

76 356 213 426 Ergo
238 351 301 404 illi
323 350 506 406 radios,
530 350 585 398 &
616 366 747 419 purae
768 347 959 422 fulgura
985 348 1102 403 lucis

78 428 199 479 Una
223 445 394 480 omnes
421 423 645 479 vibrare.
669 422 794 476 hanc
825 442 993 477 aureus
1018 425 1161 478 ardor
1184 422 1379 479 oberrat

77 502 352 574 Undique,
387 500 475 552 ὃς
464 519 682 552 mnocuo
704 515 852 571 caput
873 499 1030 552 ambit
1055 499 1296 554 circulus
1283 501 1398 577 igni

77 582 204 630 Haec
226 576 390 631 divina
408 577 598 649 opifex,
624 594 679 628 ac
710 592 878 627 caetera
898 574 1094 649 pingere
1116 546 1332 631 dextra&

74 657 199 706 Non
227 652 436 724 potuit.-
458 650 682 724 pulchros
703 649 935 733 paulatim
963 670 1018 703 ut
1042 653 1147 705 fusa
1173 672 1257 724 par
1283 669 1440 711 artus,

76 728 386 801 Visceraque,
417 731 470 779 &
504 744 671 779 tenues
687 726 946 797 penetrarit
965 728 1163 782 flamma
1183 728 1416 782 medullas
1429 767 1444 787 ‚

75 804 447 877 Purpureosque
476 803 601 856 finus
623 801 812 861 cordis,
843 800 1108 877 mollesque
1136 803 1317 858 cerebri

78 879 275 953 Aptarit
301 879 471 932 sensim
491 879 702 936 tunicas,
728 898 836 950 quo
861 880 1035 932 mentis
1061 880 1200 932 avitae

80 955 271 1008 Semina
300 972 534 1012 venturos
559 955 712 1007 infans
741 954 990 1009 servaret
978 975 1026 1008 1n
1051 976 1234 1015 annos,

75 1036 140 1085 Et
166 1047 322 1084 totam
343 1031 572 1103 acciperet
597 1029 796 1101 puerili
786 1050 834 1082 m
858 1034 1058 1102 pectore
1079 1050 1294 1106 gentem.

147 1108 274 1181 Qae
297 1110 559 1180 postquam
578 1108 787 1177 spectata
808 1107 940 1165 satiS,
976 1108 1236 1163 conversus
1261 1126 1470 1184 uterque

85 1183 163 1236 Ad
185 1183 358 1236 laevam
382 1183 594 1242 GeniuS,
624 1200 743 1233 mira
767 1202 862 1254 qua
882 1183 928 1233 se
951 1183 1148 1254 explicat
1177 1201 1280 1237 arte

80 1256 409 1311 Connubium
441 1257 670 1330 Reginae,
700 1259 753 1307 δε
786 1257 942 1309 felices
964 1256 1235 1332 hymenaei,

79 1337 264 1387 Omnia
293 1332 480 1385 fidereis
518 1334 564 1384 in
594 1332 773 1404 pariete
800 1333 980 1405 sculpta
1006 1334 1222 1389 metallis.

86 1409 216 1462 Hinc
242 1408 366 1460 illinc
385 1427 582 1461 armatae
607 1408 751 1467 acies,
775 1409 982 1482 saevique
1007 1410 1207 1482 manipli

80 1483 336 1538 Obsedere
361 1483 458 1538 vias
482 1505 490 1531 :
518 1484 586 1536 liis
611 1501 783 1537 contra
807 1484 1027 1537 oblidere
1054 1483 1193 1539 Justo

83 1565 227 1613 Mens
265 1578 388 1618 erat,
425 1563 478 1611 ὃς
503 1557 630 1612 laetas
655 1559 795 1613 armis
821 1578 1033 1614 evertere
1062 1562 1220 1618 taedas„

81 1639 184 1707 Ipsa
208 1638 330 1688 inter
354 1635 539 1689 medios
561 1635 709 1688 lacera
731 1635 962 1688 discordia
986 1637 1108 1708 palla

85 1713 308 1773 Gaudet,
333 1715 386 1763 ὃς
414 1710 607 1763 inferno
628 1710 796 1763 faciem
818 1711 998 1764 suffusa
1023 1731 1202 1783 vapore

86 1792 219 1841 Saeva
235 1788 369 1850 odia,
399 1787 715 1862 indignasque
743 1787 908 1839 animis
930 1788 1023 1839 ciet
1048 1788 1256 1841 Haerefis
1283 1789 1396 1848 iras,

85 1863 430 1936 Tartareasque
453 1880 595 1918 vocat
624 1863 882 1915 tenebroso
908 1882 932 1914 e
957 1882 1149 1916 carcere
1176 1868 1345 1936 pestes·

83 1941 189 1991 Nec
220 1939 363 2012 longe
386 1939 571 2010 trepida
598 1938 774 2011 incepti
807 1938 871 1992 nil
894 1940 1057 1991 territa
1079 1941 1206 1993 fama

82 2015 262 2067 Ducit
253 2033 341 2066 iter
367 2034 549 2089 magno
573 2033 686 2067 cum
714 2021 923 2088 conjuge
947 2015 1073 2088 regia
1096 2021 1277 2086 conjux

84 2090 430 2166 Qadrijugis
419 2111 468 2143 in
493 2089 651 2163 equis,
679 2109 822 2143 curru
847 2110 973 2162 quos
994 2091 1151 2160 junxit
1173 2090 1362 2145 eburno

88 2169 262 2220 Castus
288 2170 531 2241 Hymen,
554 2165 774 2239 facilique
801 2166 963 2219 sedens
992 2167 1272 2221 moderatur
1299 2168 1500 2226 habena.

89 2241 209 2295 Ollis
237 2243 512 2314 composito
541 2259 715 2296 terram
744 2242 850 2295 ferit
875 2242 1055 2317 ungula
1078 2243 1235 2314 passu,

93 2321 454 2392 Arrectarnque
481 2318 574 2371 alte
594 2318 858 2380 cervicem,
887 2286 977 2370 &22
969 2337 1124 2392 terga,
1149 2317 1381 2392 jubasque

91 2394 345 2468 Fulgentes
370 2412 547 2447 ornant
578 2393 792 2466 phalerae.
837 2398 985 2466 Super
1005 2394 1166 2445 allidet
1200 2398 1344 2450 Anna

92 2470 285 2544 Ingenti
311 2470 567 2533 Lodo'ico,
595 2477 650 2524 &2
681 2487 852 2523 mutua
876 2470 1059 2522 foedera
1077 2469 1319 2543 jungunt:

91 2550 159 2599 Et
184 2562 394 2619 quantus
418 2546 571 2618 superi
596 2547 775 2620 sponsis
800 2546 978 2601 decor!
1005 2545 1173 2600 omnia
1200 2545 1292 2599 late

1521 191 1604 247 ¹59'
