2133 3209
546 234 615 287 158
993 228 1346 279 CAROLI
1429 226 1660 277 RUAEI

544 312 638 367 Sed
662 315 889 389 congesta
908 314 1044 385 operi
1070 313 1311 366 stellarum
1337 313 1575 387 segmina,
1608 315 1661 363 &
1694 309 1814 384 ignis

547 389 723 443 Caelari
745 390 952 462 patiens,
972 389 1204 463 solidique
1233 389 1458 442 micantia
1485 388 1602 442 Solis

547 469 864 540 Fragmen-‚ta
887 469 940 516 ὃς
969 484 1123 518 varios
1143 466 1350 518 referens
1372 465 1453 518 lux
1482 463 1621 516 densa
1649 460 1851 515 colores.

547 541 648 593 Olli
679 540 962 613 perlustrare
984 541 1162 604 oculis,
1188 562 1310 593 mox
1338 539 1522 615 fingula
1554 541 1653 593 fixo

544 617 716 669 Mirari
745 615 964 678 obtutu,
997 635 1084 669 nec
1104 634 1323 670 mentem
1350 616 1534 688 explere
1560 613 1765 669 tuendo.

616 698 683 745 Et
709 693 842 764 prior
863 708 972 745 ante
998 693 1102 745 alias
1133 697 1294 746 Annae
1320 691 1586 745 nascentis
1575 709 1744 766 lmago

547 774 767 840 Apparet
783 807 796 827 ‚
822 768 982 820 dostae
1010 766 1230 821 manibus
1253 768 1446 840 depista
1464 771 1706 820 Pronoeae.

544 847 604 897 In
634 844 801 895 medio
829 844 972 896 roseis
1003 843 1238 896 infantem
1264 844 1576 928 amplefhtur
1602 841 1725 894 ulnis

544 919 788 972 Pennatus
817 937 970 991 puer:
998 917 1123 971 hanc
1145 919 1286 992 regali
1310 921 1495 972 murice
1531 918 1731 993 cingit

546 995 729 1052 Fascia,
753 1001 851 1065 jam
877 991 969 1047 risu
994 994 1243 1047 custodem
1265 995 1519 1068 agnoscere
1540 990 1731 1055 credaS,

545 1073 823 1143 Lasteaque
846 1070 1066 1123 imbelli
1054 1088 1155 1138 jam
1174 1069 1337 1122 ludere
1362 1068 1556 1123 brachia
1577 1085 1736 1122 motu

543 1146 773 1199 Protinus
801 1145 891 1198 hac
920 1147 1010 1198 sese
1037 1146 1331 1229 spirantem
1319 1166 1370 1198 m
1390 1145 1598 1221 imagine
1626 1145 1785 1196 custos

543 1220 872 1295 Obstupuitg
841 1222 1033 1279 Oenius,
1060 1221 1357 1294 comltique:
1380 1227 1456 1274 En
1480 1193 1729 1282 adsumus,
1751 1215 1936 1288 inquit,

541 1299 634 1348 Par
654 1266 872 1354 habitus?
903 1317 985 1369 par
1009 1298 1187 1349 forma.
1222 1302 1285 1348 Et
1309 1297 1371 1349 sic
1398 1316 1491 1372 ego
1508 1296 1678 1349 scilicet
1706 1298 1909 1346 Annam

542 1373 751 1443 Excepi,
775 1371 1012 1424 aethereas
1022 1390 1077 1425 ut
1103 1372 1316 1443 primum
1340 1343 1515 1425 educta
1533 1370 1623 1424 sub
1643 1389 1805 1427 auras,

538 1450 607 1499 Et
630 1447 852 1519 pulchros
875 1448 1045 1501 oculos
1074 1454 1128 1502 &
1152 1445 1353 1517 pulchra
1376 1446 1544 1500 labella
1565 1445 1750 1500 resolvi.

542 1523 620 1575 Sic
640 1524 718 1576 ait.
760 1528 830 1575 At
858 1523 972 1576 laeto
995 1541 1140 1596 parva
1163 1523 1222 1574 ad
1243 1523 1483 1576 cunabula
1508 1523 1647 1577 vultu

540 1599 679 1651 Hinc
699 1616 843 1673 atque
864 1598 975 1652 hinc
1001 1596 1227 1671 nymphae
1250 1598 1518 1673 pinguntur
1538 1596 1764 1650 Iberides.
1797 1594 1882 1648 Illa

537 1674 768 1738 Blandiri,
794 1674 894 1727 haec
921 1692 1090 1727 tenero
1114 1674 1314 1725 somnos
1344 1674 1579 1726 accersere
1604 1690 1778 1731 cantu,

541 1753 664 1802 Haec
685 1750 823 1821 capiti
853 1749 1119 1802 ambrosios
1149 1747 1307 1801 afflare
1331 1750 1522 1803 videtur
1548 1749 1749 1802 odores:

536 1825 618 1879 Illa
641 1825 772 1879 nives
795 1825 973 1884 fronti,
994 1823 1222 1896 labiisque
1237 1865 1249 1882 ‚
1281 1825 1508 1899 genisque
1531 1825 1752 1877 rosarum

542 1902 622 1954 As
614 1904 769 1975 pergit
791 1902 935 1954 decus
960 1921 969 1947 z
994 1899 1092 1952 haec
1114 1900 1282 1952 molles
1313 1919 1473 1972 aptare
1497 1900 1721 1956 corollas,

540 1980 661 2029 Haec
691 1994 819 2029 amat
848 1975 1091 2030 halantem
1119 1975 1308 2028 calathis
1340 1975 1589 2029 effundere
1618 1975 1834 2028 messem-

537 2057 612 2105 At
634 2053 770 2123 supra
797 2052 1028 2125 Zephyris
1055 2051 1259 2111 inveffi,
1286 2055 1339 2103 ὃς
1367 2051 1553 2105 lenibus
1575 2054 1726 2135 auris,

537 2133 762 2181 Centum
785 2128 959 2180 adsunt
986 2125 1098 2179 hinc
1118 2127 1229 2179 inde
1252 2127 1451 2199 antiqua
1470 2127 1531 2179 ab
1551 2128 1734 2201 origine
1756 2143 1915 2199 reges,

534 2203 801 2278 Egregium
829 2223 998 2277 genus.
1035 2203 1356 2255 Austriadum
1378 2203 1531 2276 longo
1558 2205 1731 2255 ordine
1752 2216 1958 2254 cernunt

536 2279 882 2352 Magnanimos
910 2278 1105 2335 heroas,
1131 2284 1185 2331 &
1208 2278 1525 2349 imperterrita
1552 2277 1682 2332 bello

535 2360 602 2410 Pe
614 2359 743 2406 ftora
768 2354 1072 2429 BurgundOS.
1107 2353 1257 2407 Micat
1280 2354 1378 2406 alta
1398 2373 1423 2405 e
1445 2352 1578 2406 nube
1602 2352 1890 2425 Rodolphus

535 2430 706 2484 Gentis
733 2450 877 2501 apex,
902 2429 1267 2501 Fernandique‚
1296 2429 1591 2502 audacesque
1611 2428 1841 2502 Philippi,

535 2511 601 2560 Et
630 2506 778 2557 fortes
815 2506 1025 2566 Alberti,
1053 2509 1106 2557 &
1134 2506 1247 2559 felix
1272 2505 1478 2560 Carolus
1511 2524 1664 2558 armis.

536 2579 786 2638 Omnibus
808 2601 933 2637 unus
956 2601 1095 2638 amor
1121 2599 1292 2637 tenerae
1318 2582 1641 2653 transmittere
1662 2578 1786 2655 proli
