2133 3209
534 245 613 283 108
1014 241 1367 290 CAROLI
1433 240 1646 291 RUAEI

534 324 825 377 Castrorum
847 322 985 394 juvat
1009 325 1059 375 in
1082 343 1275 378 morem
1300 346 1310 373 ι
1342 332 1480 397 juvat
1501 325 1675 378 addere
1698 320 1853 379 castris

532 397 792 457 Excubias,
817 399 1071 482 vigilesque
1092 400 1195 453 solo
1222 401 1473 453 traducere
1494 404 1690 459 nocstes,

534 477 643 526 Aut
666 474 791 527 duro
815 475 1061 528 volucres
1051 495 1099 527 1n
1123 476 1298 559 cespite
1320 494 1509 547 carpere
1533 476 1744 530 somnos,

602 554 772 601 Maste
792 550 884 602 istis
908 551 1124 604 Lodoice
1154 572 1346 616 animm,
1369 570 1513 626 perge
1540 550 1705 603 omine
1733 565 1875 605 tanto

533 628 600 677 Et
621 623 741 682 tibi,
768 628 820 678 &
843 643 1028 698 optatas
1057 627 1210 681 Gallis
1234 628 1522 699 portendere
1547 625 1723 680 lauros.

531 703 682 752 Nunc
710 717 891 755 veteres
918 722 1121 774 pompas
1151 703 1416 757 ludorum
1405 723 1455 755 111
1480 701 1635 774 praelia
1663 717 1852 758 mutas,

531 780 593 828 Et
617 775 827 850 rigidum
846 778 1029 832 inducis
1051 779 1162 832 laeta
1187 779 1236 832 in
1261 779 1526 850 spe6tacula
1551 782 1765 830 Martem
1786 797 1796 824 ε

530 819 689 904 Mox&
686 871 887 924 quoque
907 873 1021 907 cum
1040 855 1158 907 fines
1190 855 1454 916 MorinOS,
1488 858 1542 906 ὃς
1579 852 1765 907 Nervia
1790 852 1922 925 justo

530 926 729 979 Moenia
763 931 929 980 Marte
949 946 1104 1000 petes,
1130 931 1410 1012 fortemque
1429 928 1617 1004 urgebis
1640 928 1872 982 Iberum
1860 958 1874 981 ³

532 1003 609 1057 Sic
632 1000 813 1056 bellum
837 1003 923 1056 tibi
945 1005 1083 1058 ludus
1111 1024 1226 1063 erit,
1250 1005 1500 1078 facilesque
1523 1006 1775 1077 sequetur,

530 1081 655 1155 Q)
687 1078 845 1132 tuleris
867 1097 914 1132 te
939 1101 1177 1154 cunffique
1201 1102 1274 1134 co·
1266 1100 1365 1133 mes
1391 1081 1597 1135 vi&oria
1622 1095 1784 1132 nutus.

600 1155 779 1207 Audiit
806 1174 860 1207 ex
883 1156 981 1208 alto
1004 1160 1074 1230 P)
1079 1176 1212 1211 renes
1236 1156 1434 1220 vertice,
1462 1155 1608 1208 festos

529 1229 819 1284 Ludentum
849 1232 1100 1301 strepitus,
1124 1251 1459 1304 pompamque
1483 1231 1713 1302 Hispania
1740 1228 1904 1286 vidit·

532 1306 817 1379 Defixisque
840 1308 988 1360 oculis
1009 1307 1207 1364 mi1·‚ata
1231 1324 1308 1359 tot
1330 1305 1523 1359 horrida
1547 1306 1647 1379 pilis

532 1382 778 1454 Agmina,
804 1399 880 1434 tot
902 1403 947 1435 er
954 1384 1055 1435 istas
1076 1383 1193 1457 galei
1197 1403 1215 1434 3
1239 1382 1428 1434 fluitare
1450 1400 1726 1444 comante3‚

533 1458 634 1508 Tot
658 1456 811 1510 rutilis
833 1456 1041 1530 phaleras
1064 1459 1308 1530 vestesque
1329 1457 1479 1510 nitere
1508 1457 1702 1529 lapillis,

528 1532 668 1584 Tot¹
656 1550 789 1585 iaetos
811 1534 860 1586 in
883 1553 1050 1606 equis]
1043 1540 1122 1587 u'v
1128 1553 1276 1585 enes:
1300 1538 1365 1586 Et
1386 1533 1603 1591 luditur,
1626 1530 1814 1606 inquit,

532 1609 657 1660 Haec
680 1606 765 1660 fibi
786 1609 1008 1681 depofitis
1035 1557 1206 1662 Gallus
1225 1608 1337 1661 facit
1356 1609 1457 1663 otia
1485 1609 1623 1662 curis.

527 1683 769 1746 Luditur,
790 1702 837 1737 at
856 1704 1064 1758 magnos
1089 1685 1274 1756 parient
1303 1683 1404 1738 haec
1425 1685 1523 1737 otia
1547 1702 1744 1738 motus·

527 1760 637 1811 Nec
659 1778 866 1818 vanum,
896 1760 996 1813 ludi
1017 1780 1120 1831 pars
1139 1778 1341 1835 magna,
1368 1759 1580 1813 fatebere
1606 1760 1795 1832 ludum.

528 1836 664 1905 Saepe
689 1854 837 1888 manu
865 1835 1013 1889 virtus
1038 1835 1156 1909 quid
1179 1806 1355 1888 Gallica
1381 1836 1537 1908 poffet
1561 1838 1612 1886 &
1627 1838 1808 1896 armis,

528 1911 600 1960 Te
623 1908 648 1962 J
654 1912 808 1973 ustus,
832 1912 1051 1984 Justique
1077 1929 1242 1983 parens
1265 1928 1339 1963 tei
1364 1931 1599 1964 mammus
1622 1912 1740 1965 olim

525 1988 580 2036 H
589 2004 813 2043 enricus
840 1987 1082 2040 docuere:
1108 2004 1271 2040 tamen
1295 1987 1400 2041 licet
1424 1986 1657 2040 haetenus
1676 2007 1819 2060 aequo

527 2063 597 2111 Te
624 2081 725 2115 non
747 2066 913 2115 Marte
939 2083 1106 2135 parem
1139 2062 1291 2115 clades
1317 2083 1418 2115 non
1443 2083 1538 2116 una
1569 2061 1809 2134 probasset
1828 2090 1848 2125 ,-

524 2133 825 2190 Jamdudum
845 2138 1103 2192 instantem
1137 2139 1334 2209 potuisti
1360 2157 1570 2192 avertere
1592 2139 1797 2198 casum,

521 2213 739 2265 Consilio
760 2213 944 2267 melior.
972 2213 1195 2266 Lodoico
1214 2212 1386 2266 scilicet
1410 2214 1494 2266 uni

520 2289 647 2340 Laus
669 2289 764 2342 fuit
786 2287 884 2341 haec
902 2289 1128 2343 servanda
1155 2331 1169 2352 ,
1200 2292 1252 2340 δε
1286 2290 1471 2362 magnis
1493 2288 1653 2342 debita
1676 2288 1784 2344 fatis
1809 2310 1819 2338 :

519 2365 842 2437 Concilioque
864 2384 1114 2454 manuque
1142 2382 1252 2418 tuos
1277 2365 1578 2418 contundere
1600 2365 1766 2422 fastus.

587 2442 692 2492 Nec
719 2460 856 2493 mora
884 2446 980 2511 jam
1003 2440 1146 2502 litui,
1169 2440 1268 2510 jam
1289 2459 1434 2493 rauco
1460 2458 1691 2514 tympana
1718 2442 1855 2514 pulsu

516 2514 813 2567 Insonuere:
837 2515 969 2570 volat
988 2518 1064 2589 spe
1083 2517 1334 2574 fervidus,
1364 2535 1573 2590 arvaque
1595 2517 1761 2572 Gallus

515 2589 792 2654 Flandrica‚
820 2594 869 2642 &
909 2593 1199 2647 Hannonias
1227 2592 1321 2646 ruit
1344 2591 1671 2666 improvisus
1660 2613 1710 2647 111
1733 2613 1876 2650 arces,
