2133 3209
460 202 1108 255 MISCELLANEA.
1464 207 1553 262 265

43 305 121 355 Ne
152 299 354 369 Cyprias
379 313 558 349 merces
581 336 598 356 ,
621 291 852 367 Tyriasve
874 288 1079 362 procella
1099 286 1248 342 citato

44 363 271 430 Turbine
293 387 476 445 mergat
503 388 616 442 opes
636 410 652 431 ,
681 373 735 421 δε
765 366 992 421 fluetibus
1016 365 1161 418 addat
1181 364 1349 420 avarisss

44 456 144 506 Has
167 493 182 513 ,
207 450 283 505 vel
306 446 551 518 inexpleto
573 445 762 517 rapidus
785 460 926 498 voret
953 458 1151 515 aequore
1173 458 1346 495 vortex
1366 478 1381 500 ,

46 528 134 581 Vel
161 524 334 599 patula:
362 522 578 577 condant
602 520 843 574 horrenda
869 520 917 572 in
952 519 1125 574 viscera
1149 518 1323 589 phocae
1358 540 1366 565 :

43 608 185 657 Dum
213 621 293 655 me
319 598 497 674 cymba
525 598 637 654 levis
655 597 902 671 pelagique
925 595 1122 668 polique
1144 592 1302 647 ruinas

42 686 174 735 Inter
202 719 213 737 ,
247 681 300 729 δε
326 675 481 728 effuso
503 675 742 727 fluitantes
771 673 960 747 gurgite
985 690 1122 744 gazas

43 754 354 809 Incolumem
375 750 539 823 eripiat
564 788 577 807 ,
602 747 936 821 Zephyrisque
959 745 1158 817 impulsa
1185 744 1401 799 secundis

43 836 257 905 Optatos
281 826 480 904 gemino
501 842 661 880 teneat
681 824 802 878 duce
825 825 1025 877 Castore
1052 837 1239 894 portus.

743 976 852 1028 DE

490 1125 541 1193 P
596 1128 664 1193 O
736 1121 786 1192 E
846 1127 884 1194 S
941 1126 972 1194 I
1038 1128 1079 1194 S

590 1289 1038 1342 LAUDIBUS.

173 1438 194 1485 Ι
227 1432 303 1486 vel
323 1431 555 1485 Parthafia
582 1434 805 1485 florerem
832 1431 1005 1485 nobilis
1027 1450 1127 1485 arte
1150 1473 1163 1492 ,

169 1509 263 1562 Vel
285 1507 401 1561 nihil
434 1510 586 1562 docta
616 1512 785 1580 Scopae
809 1529 985 1561 manus
1013 1515 1067 1563 &
1090 1508 1275 1562 solertia
1304 1511 1403 1563 caeli

48 1591 336 1658 Suppeteret
362 1626 379 1645 ,
402 1585 585 1638 formas
603 1585 780 1656 quibus
808 1584 873 1636 ire
893 1583 1053 1637 liceret
1072 1585 1121 1636 in
1143 1604 1314 1637 omnes
1337 1626 1350 1644 ‚

47 1662 198 1716 Nunc
225 1660 411 1734 liquidis
437 1659 698 1713 hominum
721 1659 939 1713 fimulata
962 1659 1207 1714 coloribus
1229 1679 1314 1712 ora

47 1740 238 1791 Ponere
259 1778 276 1798 ,
299 1756 431 1789 nunc
451 1735 650 1789 rudibus
677 1734 834 1789 Divos
861 1734 1088 1809 effingere
1115 1737 1230 1788 saxis
1254 1758 1261 1783 :

45 1814 185 1866 Tum
207 1813 366 1866 caelata
391 1832 511 1866 auro
534 1814 588 1862 &
613 1809 916 1884 fulgentibus
947 1812 1104 1883 aspera
1134 1811 1273 1886 signis

47 1888 231 1942 Pocula
258 1927 272 1947 ,
300 1905 408 1943 tum
429 1887 533 1942 fidis
557 1886 733 1940 dilesta
759 1886 997 1941 sodalibus
1021 1907 1111 1941 aera

48 1965 364 2019 Commodus
385 2007 399 2028 ,
419 1971 473 2020 δε
504 1963 663 2034 Grajae
690 1963 936 2019 Solemnia
957 1965 1153 2036 praemia
1176 1964 1343 2036 palmae

47 2044 301 2094 Donarem
323 2040 539 2112 tripodas
559 2059 568 2087 :
592 2058 681 2092 nec
702 2039 955 2114 quisquam
977 2041 1187 2094 muneris
1213 2041 1368 2093 exsors
1393 2081 1408 2101 ,

49 2116 320 2170 Censorine
349 2157 361 2175 ,
386 2118 515 2169 foret
539 2142 558 2176 ,-
581 2135 669 2168 nee
690 2134 744 2169 tu
765 2115 851 2168 tibi
872 2115 1066 2188 peffima
1085 2118 1240 2172 ferres,

0 2221 2 2267 }
52 2198 121 2244 At
146 2191 264 2245 mihi
285 2208 529 2246 tantarum
551 2211 710 2265 neque
729 2192 798 2247 vis
818 2234 835 2253 ,
861 2211 1018 2266 neque
1042 2194 1178 2265 copia
1199 2213 1362 2246 rerum
1383 2210 1399 2247 5

48 2271 157 2322 Nec
182 2267 268 2320 tibi
290 2268 462 2321 deliciis
488 2288 611 2339 opus
636 2271 699 2321 est
724 2311 736 2332 ‚
761 2266 938 2341 quibus
968 2270 1184 2343 undique
1206 2269 1341 2322 laetus

53 2344 226 2397 Affluis
255 2383 267 2403 ‚
301 2352 355 2400 &
379 2343 559 2416 placide
582 2386 594 2407 ,
618 2345 651 2397 si
674 2345 771 2396 fors
792 2345 912 2396 feret
939 2385 950 2402 ,
978 2345 1071 2414 ipse
1103 2345 1279 2398 carebis
1300 2388 1315 2407 ,

50 2418 200 2474 Dives
225 2441 378 2492 opum
401 2420 644 2473 variarum
672 2461 683 2477 ‚
717 2419 866 2473 animi
890 2420 1138 2474 ditiffimus
1170 2423 1311 2494 aequi.

53 2496 285 2549 Carmina
305 2536 317 2554 ,
350 2501 363 2562 ζ
387 2516 597 2570 namque
615 2496 800 2567 placent
820 2495 905 2548 tibi
926 2498 1136 2549 carmina
1158 2540 1171 2560 ,
1197 2499 1404 2552 carmina
1425 2503 1564 2556 tanti}

58 2574 265 2625 Donare
292 2613 309 2633 ,
337 2575 390 2623 ὃς
432 2572 586 2625 tenuis
609 2573 820 2644 pretium
847 2571 933 2625 tibi
962 2573 1112 2626 dicere
1141 2574 1257 2627 doni

1306 2656 1340 2700 L
1364 2654 1375 2702 l
