2133 3209
391 218 667 272 ornus
733 213 1305 269 TRAGoEmA‘:
1551 218 1621 276 ξς

100 317 217 367 Tuo
242 308 413 385 peribit
429 307 600 362 scelere
618 345 631 366 ,
652 305 687 359 fi
705 305 904 382 genitor
930 304 1078 378 perit:

98 394 223 444 Meo
241 388 412 460 periret
437 388 711 458 Harpagus.
754 386 950 443 Statue,
982 397 1039 435 ut
1060 377 1226 434 lubet:

100 466 264 520 Potest
290 480 448 516 carere
472 465 635 534 Cyrus
657 463 710 511 δε
733 477 887 534 regno
909 465 964 514 ὃς
985 474 1145 530 patre,

97 540 300 594 Inermis
316 579 326 597 ‚
350 537 503 591 orbus
528 535 648 590 esses
672 535 919 588 sceleratus
938 575 951 592 ‚
979 534 1162 607 nequit.

97 618 243 693 Asty.
285 619 351 668 Et
370 614 557 673 victuS,
584 612 740 684 exspes
759 651 771 669 ‚
791 609 877 664 hac
889 611 965 665 die
991 612 1221 684 Astyages
1245 606 1403 681 potest
1414 622 1434 666 ‚'

100 696 215 747 Hoc
233 691 395 763 spiritu
415 706 571 742 carere
595 715 613 748 ;
632 686 874 750 vindicta,
902 685 1033 740 haud
1056 687 1230 758 potest.

57 782 61 786 ’
97 768 297 823 Mand.
320 766 552 823 Meliora,
579 764 772 840 genitor
789 789 806 824 ,-
833 781 972 821 nate,
1009 760 1241 820 meliora,
1274 757 1506 837 obsecr0;

97 843 315 898 Consilia
335 866 346 895 ·.
370 861 430 894 ne
454 861 542 896 vos
559 857 726 894 tantus
750 839 801 892 in
824 858 1027 912 praeceps
1050 837 1189 891 furor

100 923 230 993 Agat
247 919 554 991 impotentes.
589 920 743 977 Nate,
765 932 818 969 tu
837 915 990 968 nimio
1017 914 1235 988 Harpagi

101 999 293 1048 Amore
316 1014 476 1067 peccas
501 1014 510 1042 :
540 1009 705 1066 peccat
727 996 781 1044 ὃ(
817 991 974 1044 nimio
997 1008 1133 1062 pater

99 1070 233 1125 Illius
258 1073 376 1124 odio
401 1091 409 1118 :
434 1071 566 1124 saevit
591 1068 702 1121 hinc
725 1069 928 1128 odium,
954 1066 1066 1119 hinc
1085 1084 1247 1121 amor:

103 1149 181 1200 Tu
201 1167 330 1218 pone
355 1146 539 1204 amori,
564 1165 694 1217 pone
716 1163 868 1218 tuque
889 1143 1007 1196 odio
1033 1142 1268 1197 modumss

102 1225 247 1299 Asty.
268 1224 404 1277 'Non
433 1222 626 1273 odimus
653 1221 738 1278 fic,
761 1221 933 1272 odium
957 1236 1010 1271 ut
1032 1219 1166 1274 evelli
1186 1217 1355 1292 queat]

105 1304 151 1352 C
133 1319 277 1373 yrus.
311 1301 431 1350 Non
448 1297 508 1349 fic
528 1315 776 1355 amamus,
797 1312 938 1348 amor
961 1311 1016 1347 ut
1040 1294 1253 1368 extingui
1271 1302 1432 1367 queat,

104 1374 307 1431 Mand.
345 1377 500 1426 Hunc
522 1371 687 1446 diligas
705 1413 716 1433 ,
741 1371 808 1424 mi
830 1388 941 1422 nate
960 1395 970 1417 ··
989 1371 1071 1425 sed
1093 1387 1283 1443 patrem
1298 1371 1468 1444 magis.

106 1452 260 1502 Hunc
283 1448 463 1510 oderiS,
484 1448 552 1499 mi
573 1446 792 1520 genitor:
809 1464 857 1499 at
878 1464 1114 1519 generum
1134 1445 1312 1499 minus.

105 1524 257 1579 Siletis
278 1529 302 1576 ἓ
321 1525 484 1577 Etiam
502 1523 650 1598 rigida
667 1541 766 1575 tam
783 1525 918 1588 justae
938 1522 1063 1593 preci
1190 1594 1193 1596 -

107 1599 394 1655 Subtrahitis
419 1604 533 1652 ora?
564 1602 698 1651 Voce
717 1599 835 1671 quin
865 1598 1032 1650 saltem
1055 1598 1265 1671 increpas

106 1678 399 1750 Utrumque
426 1676 595 1737 tacita,
617 1675 831 1729 sensibus
853 1677 946 1729 fixa
968 1674 1175 1735 intimis,

108 1752 234 1824 Ipsas
260 1771 463 1807 movens
491 1749 785 1823 stimulisque
810 1749 1070 1815 pervellens
1095 1751 1244 1809 feras,

108 1831 321 1881 Natura!
351 1828 549 1900 loquere
573 1835 590 1882 l
615 1827 785 1879 sentiat
803 1827 896 1879 sese
919 1825 994 1880 hic
1019 1846 1198 1890 avum,

111 1905 216 1957 Sese
236 1903 311 1957 hic
339 1920 644 1975 nepotem...
686 1907 848 1961 Nate,
871 1903 1013 1976 quod
1030 1903 1298 1976 lacrymor,
1318 1902 1422 1956 leve
1442 1905 1525 1956 est.

110 1980 266 2052 Qd
293 1980 387 2050 ipse
409 1978 586 2052 patitur
607 1979 822 2052 genitor,
850 1979 944 2031 hoc
974 1979 1177 2031 demum
1196 1998 1347 2053 grave
1370 1981 1448 2033 est.

111 2057 258 2109 Illum
283 2056 468 2107 intuere
487 2055 688 2107 carceris
708 2054 861 2127 longo
882 2054 975 2107 fitu

113 2135 424 2186 Marcentem
442 2154 461 2188 ,¹
485 2132 539 2182 &
563 2150 687 2205 aegra
713 2130 867 2184 vincla
888 2128 1170 2184 tendentem
1189 2149 1357 2182 manu.

117 2214 159 2263 C
147 2229 288 2283 yrus.
321 2207 466 2260 Illum
488 2206 706 2270 intuere,
726 2223 879 2278 quem
898 2202 1003 2257 neci
1025 2205 1278 2259 addictum
1303 2203 1435 2279 cupis

114 2287 212 2337 Pro
235 2302 314 2337 me
334 2282 542 2337 cruentis
565 2283 645 2335 filii
674 2284 860 2355 pastum
891 2281 1106 2336 attubus.

117 2363 293 2432 Neque
315 2359 410 2415 hoc
423 2360 527 2414 satis
551 2364 564 2408 ?
590 2360 658 2412 vis
684 2359 776 2432 ipse
807 2360 913 2430 post
935 2359 1100 2412 caesam
1126 2358 1313 2412 occidat

121 2433 378 2493 Sobolem‚
406 2435 563 2489 salutis
589 2440 845 2510 Harpagus
871 2435 1044 2487 vindex
1067 2455 1199 2487 nicae.

121 2511 318 2565 Mand.
344 2515 422 2563 Ne
450 2531 640 2581 metue,
662 2532 765 2564 non
781 2512 841 2564 sic
860 2511 1022 2565 saeviet
1049 2531 1058 2557 τ
1079 2510 1335 2568 άεάἰῖὴυηε
1352 2510 1510 2581 modo

121 2587 246 2640 Petit
268 2606 382 2642 avus
406 2609 414 2636 ε
443 2586 572 2643 hunc
593 2589 808 2644 remittet
831 2588 1130 2650 innocuum,
1152 2588 1274 2642 scio:

1367 2667 1388 2717 Ι
1419 2661 1463 2734 iij
