2133 3209
356 191 794 248 SYMBOLA
867 196 1298 249 HEROICA]
1512 208 1600 265 187-

92 286 210 342 Otia
239 302 394 344 amat,
423 285 644 358 festoque
667 283 896 358 hyemem
918 283 1165 337 traducere
1191 283 1333 337 ludo.‘

23 431 26 434 Α
89 368 171 417 Ne
195 381 356 415 tamen
377 361 489 414 huic
514 377 686 419 tantae,
713 361 747 412 s1
777 379 914 412 mens
932 380 1034 413 non
1060 360 1201 419 laeva‚
1229 361 1379 434 quieti

89 439 285 492 Credite
302 462 312 485 -.
332 437 528 492 victoris
555 437 700 509 sopor
728 437 792 488 est
814 437 1132 495 metuendUS,
1158 439 1211 487 &
1243 438 1333 490 iras

88 518 382 567 Exarmatus
409 511 573 565 habet.
614 512 712 567 Sed
742 510 880 564 fallor
903 517 928 564 ,Ρ
950 531 1011 564 an
1048 531 1165 565 aerea
1194 518 1415 567 Martem

83 590 334 662 Increpuit
363 587 480 642 tuba
497 595 522 643 ,Ρ
541 589 642 657 jam
669 587 844 660 campis
874 587 1140 662 glomerata
1164 595 1399 661 juventus

86 666 214 720 Bella
238 663 400 718 fremit
430 685 439 711 :
462 665 654 718 fluitant
679 664 897 720 volucres
918 663 1084 718 vexilla
1105 683 1186 736 per
1215 684 1366 719 auras.

85 742 190 813 Ipse
215 741 341 794 inter
360 759 603 814 proceres,
623 750 922 814 quamquam
939 738 1163 794 horridus
1182 740 1423 796 imbribus
1437 738 1600 800 aether,

84 821 153 871 Et
187 817 384 872 fremitu
411 834 674 872 ventorum
708 820 761 868 &
791 832 936 869 acuto
963 816 1144 892 frigore
1162 818 1324 882 saevit,

85 893 169 946 Nil
191 911 413 947 metuens
439 892 626 964 hyemis
648 892 835 946 medios
859 893 1110 946 Lodo'icus
1142 894 1194 947 in
1218 893 1376 950 hostes

85 972 262 1032 Irruit,
289 976 344 1025 ὅτ.
365 969 548 1023 cladem
576 969 642 1022 nil
669 969 758 1021 tale
782 968 1068 1022 timentibus
1096 969 1258 1038 infert.

154 1051 227 1098 At
249 1065 408 1118 neque
436 1044 674 1104 inaccessis·
698 1045 909 1098 tentoria
931 1045 1120 1119 cingere
1143 1045 1299 1113 vallis,

86 1124 195 1174 Aut
218 1122 402 1176 validos
428 1141 551 1192 opus
577 1123 641 1173 est
673 1122 879 1192 repetito
898 1120 1104 1186 fulmine
1123 1141 1294 1176 muros

85 1199 396 1255 Concutere,
421 1214 505 1249 aut
532 1196 683 1251 caveis
702 1196 873 1249 fodisse
900 1196 1157 1252 latentibus
1179 1221 1196 1250 .·
1228 1218 1334 1252 uno

83 1272 298 1331 Scilicet,
326 1289 381 1326 ut
407 1289 613 1326 ventum
646 1274 738 1328 est,
767 1270 906 1324 heros
934 1273 1044 1325 obit
1063 1272 1229 1326 omnia
1256 1275 1393 1335 visu,

0 1379 1 1384 =
81 1351 149 1401 Et
167 1352 288 1421 finis
323 1350 385 1423 est
404 1347 608 1421 vidiffe.
632 1347 861 1422 ingensi
831 1347 971 1400 simul
996 1348 1160 1401 omnia
1182 1365 1338 1404 terror

0 1432 3 1434 ’
83 1427 334 1496 Occupat,
363 1441 545 1476 emotae
568 1440 745 1476 nutant
771 1444 884 1476 cum
903 1422 1088 1478 civibus
1115 1424 1282 1490 urbm,

0 1491 3 1526 5
82 1500 351 1575 Dolaque,
377 1502 429 1550 ὃς
455 1498 682 1570 antiquos
713 1504 899 1570 jastans
927 1499 1172 1554 Vesontio
1201 1502 1385 1566 cultus,

2 1579 5 1632 Ϊ
84 1578 147 1628 Et
172 1579 396 1638 Gratum,
420 1577 473 1625 δε
506 1574 621 1627 salso
647 1573 851 1627 celebres
876 1573 1086 1628 humore
1111 1576 1275 1630 Salinae
1291 1621 1306 1643 ,

4 1679 5 1686 ¹
85 1651 345 1705 Continuo
369 1648 625 1724 pedibusD
593 1651 812 1703 caudent
834 1649 1092 1706 advolvere
1117 1670 1286 1707 turres.

144 1731 253 1780 Nec
275 1727 438 1779 minor
463 1697 628 1777 affines
652 1725 888 1797 populos,
917 1728 970 1776 &
1005 1726 1190 1800 Belgica
1214 1729 1364 1803 longe

85 1805 218 1856 Arva
245 1804 394 1856 timor
416 1801 588 1875 quatit.
625 1801 830 1863 Incerti,
855 1814 957 1875 qut>
990 1801 1145 1856 limite
1172 1823 1324 1880 regna

5 1913 8 1918 .
84 1879 349 1942 Claudere,
374 1898 481 1949 quae
510 1876 631 1948 rapti
658 1897 825 1950 poenas
850 1877 1117 1949 expendere
1149 1882 1259 1949 juris

84 1956 277 2026 Oppida
305 1954 455 2026 prima
482 1952 622 2015 velit,
651 1972 810 2035 quem·
826 1953 889 2006 nil
911 1973 1014 2007 non
1046 1955 1179 2024 posse
1201 1956 1442 2019 fatentur,
1503 2018 1504 2022 ,

82 2031 221 2088 Velle
243 2046 447 2103 putant,
478 2028 756 2102 primosque
780 2028 919 2082 timet
945 2027 1030 2081 fibi
1058 2030 1258 2105 quisque
1275 2033 1478 2090 furores,

7 2122 9 2130 ¹
83 2108 345 2181 Iscquere‚
371 2111 392 2158 Ι
417 2122 588 2179 regum
618 2123 700 2158 rex
721 2105 962 2165 maxime,
985 2126 1088 2180 quo
1119 2107 1207 2160 tibi
1228 2108 1409 2172 virtuS,

8 2203 10 2206 ·
85 2185 208 2253 Qo
236 2180 467 2241 ThemiS,
467 2149 544 2232 D&
571 2180 754 2253 semper
782 2180 1023 2263 regalibus
1045 2181 1208 2237 addita
1231 2187 1408 2257 coeptis

79 2260 258 2312 -Pandit
288 2259 379 2310 iter
403 2257 630 2309 fortuna.
655 2273 792 2309 metu
811 2274 908 2324 Jam
934 2258 1103 2329 sponte
1128 2258 1358 2314 subastos

10 2371 11 2374 =
85 2335 343 2402 Maiestatis
366 2351 536 2390 amor,
560 2352 675 2385 cum
705 2333 917 2392 veneris,
946 2334 1141 2408 altaque
1160 2337 1337 2390 mentis

85 2411 289 2463 Inviclzae
319 2411 524 2471 decora,
548 2410 601 2460 ὃς
630 2408 767 2461 sacrae
789 2427 1058 2464 reverentia
1081 2411 1282 2471 fronti3‚

84 2487 345 2539 Protinus
336 2483 542 2554 lmperio
565 2483 793 2551 adjiciet·
823 2485 1182 2560 dominumque
1211 2488 1427 2544 volentes
1491 2509 1494 2512 ·

12 2565 13 2591 ³
86 2563 256 2633 Qm
281 2560 368 2616 fibi
387 2561 487 2613 fata
507 2576 677 2634 parant
693 2562 801 2635 ,sat
821 2563 912 2618 erit
930 2560 1127 2637 vidzffi,
1154 2563 1403 2622 subibunt.

1249 2646 1299 2697 A
1319 2662 1343 2696 a
1372 2648 1403 2716 ij
