2133 3209
510 211 1169 262 MISCELLANEA
1523 232 1617 273 249

117 298 363 362 Molibus,
384 297 696 370 impacstisque
719 314 925 372 gemunt
948 298 1143 350 fraenata
1164 296 1345 350 catenis
1361 337 1374 354 ,

114 378 180 426 Et
200 393 396 428 mutum
421 374 623 445 trepidat
650 373 911 427 contraffis
935 373 1168 427 fluehbus
1190 391 1364 447 agmen

118 450 225 503 Sive
248 450 367 502 mari
388 450 503 507 sibi,
529 450 624 502 five
646 449 750 502 solo
774 466 937 503 tamen
963 467 1151 503 extruat
1174 449 1323 512 aedeS,

113 529 234 578 Huc
252 543 437 585 metm,
466 524 560 578 huc
582 524 666 578 fati
691 546 794 579 non
821 524 1049 580 evitabilis
1072 525 1246 579 horror
1263 567 1276 584 ‚

111 604 229 654 Huc
245 601 470 654 scelerum
496 602 728 656 scandent
751 603 885 656 furiae
915 622 925 650 z
948 622 1049 655 non
1073 622 1194 655 aerea
1214 601 1385 675 puppis

109 677 291 748 Eripiat
311 678 582 751 fugientem
605 718 618 736 ,
651 695 733 731 aut
754 677 956 731 turbinis
977 678 1113 730 ocior
1140 678 1214 733 ala

109 754 311 826 Pegasus
332 753 539 806 abducat
557 753 707 805 :casus
728 771 891 806 comes
913 771 1009 805 una
1034 771 1118 825 per
1139 772 1312 805 omnes

109 829 223 880 Post
249 830 460 903 equitem
485 829 708 889 seder‚&
735 828 870 881 fimili
891 828 1028 884 volat
1052 828 1232 900 impete
1255 848 1383 882 cura.

175 905 333 974 Qod
354 906 386 959 fi
407 925 508 958 non
529 902 723 976 Phrygii
747 904 920 977 lapides
946 945 962 966 ‚
1002 908 1056 956 &
1080 904 1248 958 clarior
1271 904 1400 957 astris

104 981 322 1052 Purpura
343 976 928 1053 componunt'an'imum,
953 1000 1114 1054 neque
1141 981 1270 1033 dona
1294 980 1506 1032 Falernae

105 1055 257 1114 Vitis,
288 1055 592 1110 Achaemenii
611 1076 700 1109 nec
724 1057 906 1109 olentia
929 1056 1166 1132 fragmina
1187 1056 1304 1109 costi
1325 1077 1334 1103 :

103 1131 241 1204 Qd
261 1131 377 1184 mihi
402 1132 684 1204 conspicuos
704 1134 844 1187 Pario
869 1132 929 1184 de
953 1151 1202 1187 marmore
1222 1134 1377 1206 postes
1395 1171 1408 1190 ‚

101 1208 342 1262 Invidiosa
363 1228 499 1262 novo
524 1208 643 1281 quid
673 1209 847 1261 moliar
868 1209 983 1261 atria
1007 1208 1103 1261 ritu

101 1283 476 1357 Demenszquid
501 1283 701 1336 Laribus
724 1285 901 1357 parvis,
931 1289 983 1336 &
1014 1284 1130 1338 valle
1160 1283 1338 1337 Sabina
1355 1324 1369 1342 ,

102 1359 333 1412 Difficiles
351 1380 490 1433 gazas
513 1360 812 1433 operosaque
833 1361 1005 1435 gaudia
1025 1378 1215 1414 mutem
1243 1364 1268 1412 ,P

798 1593 911 1644 DE

394 1725 1315 1797 NOBILITATIS

476 1873 1235 1948 1NST1TUT10NE.

0 2028 3 2099 Ξ
100 2039 496 2175 ANgustam
517 2035 748 2111 gravibus
776 2036 919 2090 discat
938 2038 1167 2089 robustus
1195 2036 1244 2088 in
1265 2039 1406 2092 armis

254 2114 538 2185 Pauperiem
559 2132 702 2186 puer,
731 2117 782 2165 ὃς
811 2112 920 2165 belli
939 2130 1126 2165 tentare
1151 2115 1377 2184 proeellas
1397 2158 1415 2179 ,

98 2188 278 2242 Nobile
305 2189 476 2243 Martis
504 2209 627 2261 opus
648 2210 656 2237 :
681 2209 783 2242 non
804 2188 987 2241 blando
1014 2188 1173 2243 vivida
1198 2189 1314 2244 luxu

98 2268 332 2338 Frangere
352 2263 596 2323 membra,
619 2263 712 2317 levi
735 2284 892 2339 neque
919 2281 1142 2337 tempora
1166 2265 1324 2320 fallere
1345 2266 1489 2321 ludo:

2 2338 11 2414 Ξ
98 2342 221 2392 Non
244 2339 423 2413 lepidos
447 2341 638 2395 miscere
658 2340 798 2404 sales,
821 2361 923 2393 non
954 2341 1146 2394 tinnula
1165 2343 1299 2395 molli

51 2445 55 2448 ·
97 2418 296 2469 Pestere
322 2417 400 2470 fila
426 2436 574 2471 manu
590 2458 606 2478 ,
634 2436 722 2469 nec
746 2417 907 2470 odoro
928 2417 1123 2488 pulvere
1148 2417 1331 2475 crinem

97 2493 360 2567 Spargere,
388 2512 474 2545 nec
494 2493 636 2565 picstis
656 2493 932 2546 redimicula
953 2510 1111 2545 texere
1136 2492 1280 2547 vittis.

162 2571 322 2623 Prima
342 2567 460 2623 mihi
481 2569 638 2644 rigidis
663 2568 889 2623 affuescat
905 2568 1105 2641 pellibus
1126 2584 1259 2629 setas,

1351 2649 1369 2693 I
1396 2648 1410 2693 i
