2133 3209
549 230 630 281 178
990 220 1337 271 CAROLI
1405 219 1637 272 RUAEI

536 309 925 395 Remigiumque
948 313 1257 386 tubamque:
1279 330 1373 366 tuo
1394 331 1497 386 quo
1520 310 1704 384 plenius
1733 328 1819 364 ore

537 387 744 441 Gallicus
767 390 829 442 ad
855 408 1077 464 geminos
1101 387 1265 441 honor
1296 387 1664 443 increbresceret
1687 405 1811 443 axes,

536 466 682 517 Hanc
711 465 862 525 ade0,
885 485 982 537 qua
1006 481 1055 517 te
1082 465 1223 519 toties
1250 464 1424 539 regalia
1447 464 1546 517 fata

536 540 982 614 Magnanimosque
1000 541 1141 595 duces
1157 541 1327 624 populi
1348 543 1569 613 stupuere
1589 540 1875 593 canentem?

537 619 690 667 Hanc
712 616 885 668 nostris
911 617 1104 677 inflare,
1131 633 1214 671 tua
1238 637 1288 669 in
1315 635 1581 690 praecoma,
1607 615 1763 669 Mufis

536 690 643 743 Jam
670 689 841 744 liceat:
870 711 1030 766 neque
1056 693 1187 748 enim
1212 711 1358 747 cantu
1386 692 1565 749 leviore
1588 691 1827 745 decorum
1850 691 1917 743 est

535 765 741 828 Dicere,
767 785 1010 841 quantum
1032 769 1169 823 altrix
1200 769 1287 823 tibi
1311 769 1493 834 Gallia,
1523 767 1690 822 saecula
1713 762 1983 842 quantum,

535 846 602 895 Et
627 861 788 895 mores
808 841 1099 904 hominurn,
1125 862 1275 919 atque
1303 845 1465 899 omnis
1487 844 1576 898 tibi
1595 843 1768 898 debeat
1788 859 1916 897 aetas,

607 918 791 972 Scilicet
813 919 944 973 exesa
971 919 1131 976 divina
1163 921 1433 998 Tragoedia
1460 921 1606 993 palla,

536 997 906 1069 Annorumque
930 996 985 1050 fit
968 1013 1049 1056 tu,
1078 999 1131 1048 &
1156 1016 1281 1073 ruga
1301 997 1533 1050 deformis
1552 994 1686 1057 anili,

538 1070 797 1143 Squalebat
819 1071 936 1125 tristi
961 1073 1119 1126 noetis
1142 1044 1353 1127 demersa
1378 1071 1642 1127 baratrho·

535 1150 645 1198 Aut
675 1146 969 1201 Fescennina
997 1149 1192 1224 cingens
1226 1148 1312 1202 fibi
1338 1167 1566 1222 tempora
1595 1144 1754 1206 larV52'

535 1221 791 1296 Vulgabat
821 1224 981 1277 stolidi
1005 1225 1096 1278 sese
1116 1226 1175 1279 ad
1195 1225 1398 1279 ludibria
1417 1225 1565 1300 vulgi.

539 1299 621 1350 Tu
642 1298 774 1351 senio
805 1299 1004 1354 effectos
1029 1301 1227 1374 juvenili
1252 1301 1436 1354 lumine
1462 1301 1625 1356 vultus

537 1373 768 1433 Induere,
794 1378 847 1427 &
871 1377 1030 1429 doctis
1049 1377 1354 1431 redivivum
1342 1396 1392 1428 in
1416 1375 1642 1430 membra
1665 1374 1890 1450 vigorem

536 1450 762 1502 Fundere
784 1451 1115 1512 carminibus;
1107 1469 1192 1505 ·tu
1216 1453 1433 1526 spargere
1460 1450 1661 1504 floribus
1685 1469 1796 1516 ora,

535 1526 624 1580 Tu
649 1528 834 1580 castum
856 1528 1054 1599 potuisti
1073 1528 1221 1587 oculis
1246 1528 1407 1580 afflare
1434 1527 1688 1600 pudorem.

539 1599 672 1653 Hinc
695 1602 834 1656 simul
865 1601 1066 1656 effraenis
1086 1604 1354 1675 compressa
1377 1602 1568 1656 licentia
1593 1604 1767 1660 scenae,

539 1678 747 1750 Ingenui
773 1697 949 1731 venere
970 1680 1110 1739 sales,
1139 1686 1195 1734 &
1219 1678 1364 1753 digna
1390 1678 1561 1733 severis

540 1751 788 1805 Auribus
777 1773 996 1807 innocuo
1020 1754 1218 1809 condita
1239 1754 1402 1827 lepore
1427 1753 1667 1826 voluptas.

542 1827 674 1880 Hinc
695 1848 865 1903 regum
888 1832 1056 1884 audaci
1084 1847 1334 1905 penetrate
1362 1851 1410 1883 m
1434 1830 1599 1883 limina
1619 1831 1777 1904 gressu

540 1905 742 1974 Coepit,
778 1911 832 1959 &
860 1910 1081 1978 augustas
1105 1905 1313 1960 heroum
1338 1907 1523 1979 pascere
1543 1926 1749 1960 mentes

609 1982 712 2051 Ipse
735 1981 861 2033 son-is
882 1983 1027 2036 etiam
1051 1981 1302 2066 gravibuS,
1327 2001 1599 2057 magnaque
1624 1983 1897 2053 profundos

540 2057 681 2108 Voce
709 2076 883 2110 vocans
917 2078 1081 2112 manes
1103 2058 1210 2113 imis
1238 2077 1391 2112 excire
1418 2057 1671 2130 sepulchris

541 2132 731 2193 Λαΐας,
761 2136 814 2184 ὅ(
843 2133 1033 2187 aetherei
1058 2154 1281 2190 revocaie
1305 2135 1354 2186 in
1382 2135 1574 2188 luminis
1604 2153 1756 2189 auras.

539 2207 774 2261 Vidimus
798 2209 956 2291 Elysio
987 2210 1140 2263 faciles
1171 2210 1360 2282 prodire
1391 2211 1569 2263 recessu

540 2282 751 2356 Infignes
775 2303 980 2349 anima5‚
1015 2289 1069 2337 &
1097 2286 1269 2357 sponte
1294 2286 1504 2357 patentia
1534 2285 1669 2340 Ditis

540 2360 715 2412 Ostia.
707 2380 822 2414 nec
847 2361 1060 2433 priscos
1050 2379 1226 2415 iterum
1250 2361 1335 2414 fibi
1356 2361 1542 2416 sumere
1564 2361 1752 2421 vultus,
1753 2380 1756 2382 ·

540 2435 651 2487 Nec
672 2453 853 2490 veteres
877 2439 1058 2491 iterum
1086 2437 1258 2509 puduit
1281 2456 1514 2492 renovare
1535 2436 1762 2511 querelas,

613 2511 716 2581 Ipsa
741 2512 861 2565 feras
886 2530 1005 2566 artes
1031 2514 1441 2588 implacatumque
1464 2514 1675 2587 rigorem

545 2586 766 2640 Medaea:
798 2589 890 2660 ipse
915 2609 1079 2661 parens
1111 2591 1347 2649 flatrum,
1378 2588 1658 2663 conjuxque
1688 2591 1898 2663 parentis
