2133 3209
494 177 554 215 ει.
953 170 1302 219 CAROLI
1367 170 1608 223 RUAEI

495 255 618 305 Non
635 253 847 326 poteris:
869 272 966 306 una
988 252 1089 306 haee
1107 272 1188 306 me
1216 248 1358 325 penes
1384 273 1514 308 certa
1531 252 1670 306 ultio.

499 334 544 382 C
529 349 611 401 yr
636 333 759 384 Non
782 345 986 401 potero.
980 333 1000 369 Ρ
1016 335 1070 383 δε
1089 329 1211 382 ultra
1231 330 1351 382 stare
1372 331 1477 402 quis
1496 346 1668 383 contra
1687 330 1884 386 audeat.
1876 336 1899 373 Ρ

499 404 627 475 Qs
650 404 765 458 mihi
782 423 1036 477 parentem
1052 421 1246 479 tegere.
1239 408 1260 444 P
1278 425 1385 478 quae
1411 404 1581 459 mundi
1609 405 1780 480 plaga,

499 483 629 552 Qae
649 500 874 543 nemora,
892 500 998 552 quae
1019 479 1086 533 vis
1099 451 1379 539 moenium,
1409 500 1492 535 aut
1514 481 1619 533 altae
1634 497 1818 554 queant

499 555 782 610 Subducere
802 574 951 607 arces.
945 561 956 590 ²
976 558 1065 608 Ista
1083 556 1199 630 quid
1222 556 1362 628 poffit
1384 578 1557 612 manus

500 629 595 685 Scis
621 631 741 702 ipse,
770 638 824 686 oc
843 631 973 685 orbis
996 632 1229 685 ultimum
1246 633 1430 688 audivit
1449 634 1585 688 latus.

496 707 713 759 Confide
732 706 955 760 latebris·
977 707 1195 782 gladius
1183 710 1398 763 lnveniet
1423 711 1585 770 viam,

496 787 605 835 Aut
630 782 781 835 faciet.
811 786 941 857 QAst.
973 785 1140 844 Ande,
1158 804 1326 860 perge:
1344 786 1461 858 quid
1478 787 1611 841 faelo
1637 803 1787 839 morae
1808 787 1868 840 est
1886 791 1911 839 ?

495 860 720 912 Scrutare
743 861 916 912 mundi
939 860 1137 923 viscera,
1163 862 1348 915 eversos
1370 862 1475 915 solo

495 937 697 987 Montes
719 934 890 990 revelle
905 975 917 994 ‚
939 937 1125 988 moenia
1147 937 1194 988 in
1212 937 1390 990 cineres
1414 957 1529 992 rue:

491 1012 600 1062 Nec
620 1011 680 1063 fic
705 1028 966 1085 repertusD
935 1011 1127 1065 oenitor
1152 1011 1322 1066 effusas
1345 1014 1469 1066 male

488 1086 837 1139 Pensabitiras.
868 1086 1089 1141 Jundm
1078 1108 1127 1140 m
1148 1104 1260 1141 tuto
1285 1091 1386 1142 est·
1409 1108 1580 1144 manns

488 1164 544 1212 H
554 1182 646 1215 unc
667 1163 760 1216 nda
781 1182 1069 1235 procerum,
1097 1165 1219 1239 regis
1243 1165 1433 1217 intenta
1452 1166 1502 1218 in
1524 1165 1677 1226 viccS,

488 1237 661 1290 Habet
682 1238 770 1291 sub
789 1240 909 1293 idm.
936 1239 1093 1292 Trade
1122 1240 1331 1293 carnifici
1349 1240 1443 1293 hoc
1463 1258 1631 1313 caput,

490 1310 711 1367 Absume
732 1336 954 1387 corpus
925 1314 1149 1387 ionibus,
1174 1315 1302 1369 ferro
1319 1318 1445 1369 seca:

488 1391 651 1443 Funus
677 1410 918 1463 reponent
937 1391 1120 1455 funeri,
1150 1393 1205 1442 &
1235 1411 1404 1462 poenas
1423 1393 1520 1464 pari

485 1466 712 1518 Numero
739 1468 1025 1539 rependent.
1056 1474 1099 1521 C
1084 1489 1168 1543 yr
1208 1467 1286 1522 Ah
1309 1483 1498 1540 precor·
1526 1467 1638 1520 dirae
1654 1467 1822 1522 omina

483 1540 723 1594 Oceinere
744 1543 914 1596 mortis
934 1542 1131 1595 abstine
1161 1548 1337 1618 Regna
1355 1543 1438 1597 diu

481 1614 711 1691 Feliane
727 1618 852 1673 vive.
889 1624 1035 1673 Certa
1061 1620 1301 1674 remundi
1324 1622 1457 1694 quies

482 1690 657 1765 Salusq·
653 1714 708 1748 le
730 1714 872 1765 penes
895 1697 992 1748 est‘.
1027 1714 1213 1760 annue,
1236 1699 1288 1748 ὃς
1315 1711 1574 1768 promptos
1595 1695 1739 1749 habes

478 1769 534 1818 In
558 1766 709 1836 juffa·
726 1769 882 1823 sceleri
905 1789 1128 1833 occurre,
1149 1773 1269 1825 dum
1287 1771 1428 1824 nob1s
1447 1771 1590 1824 scelus

476 1843 894 1900 Adhueinausum
913 1849 994 1899 est.
1016 1849 1147 1930 ‹PAst.
1166 1851 1364 1919 Nempe
1381 1847 1445 1899 nil
1472 1849 1590 1900 ausu
1597 1868 1643 1900 n
1667 1850 1759 1907 est,
1788 1846 1866 1903 ais,

474 1922 582 1994 Age
605 1922 864 1992 parricida·
884 1923 1126 1993 ρορυΙας
1116 1943 1164 1975 m
1190 1941 1353 1998 regem
1378 1922 1581 1983 excitus,

474 1997 679 2069 Direpta
703 1997 834 2050 ferro
860 1998 1056 2057 Media,
1089 1969 1273 2053 effusoo
1279 2015 1446 2052 natans

474 2076 671 2125 Cruore
694 2073 859 2136 telluS,
888 2073 961 2128 illa
985 2094 1092 2148 quae
1120 2074 1345 2128 manibus
1372 2094 1504 2147 paras

472 2149 801 2222 Humerisque
818 2149 969 2203 vincla
986 2190 1003 2210 ,
1028 2170 1145 2221 quas
1173 2154 1225 2202 δε
1246 2151 1451 2203 intentas
1470 2150 1621 2203 minas
1643 2172 1652 2199 ι

471 2224 595 2295 Qo
623 2225 823 2278 nomin’e
840 2225 948 2284 ista,
976 2226 1146 2277 scelere
1169 2226 1201 2278 fi
1229 2243 1422 2279 careant
1441 2266 1454 2285 ,
1480 2233 1651 2281 vocas?

472 2305 518 2353 C
500 2321 640 2375 yrns
669 2300 888 2352 Miteseet
911 2301 1134 2354 animus:
1154 2301 1268 2365 alia,
1290 2321 1400 2375 quae
1428 2301 1651 2364 Valeant,
1680 2322 1801 2375 paro

464 2375 715 2430 Remedia.
738 2379 900 2455 Harp.
932 2377 1087 2441 Socii,
1111 2377 1305 2431 ducite:
1328 2378 1381 2428 δε
1403 2377 1529 2451 vigili
1553 2377 1720 2432 locum

465 2450 672 2504 Ambite
698 2468 872 2505 turma.
899 2456 1010 2527 Ast.
1036 2455 1301 2509 Praemium
1326 2457 1562 2524 expecta,
1594 2458 1847 2532 Harpage:

462 2531 614 2587 Mox,
640 2547 757 2584 cum
778 2528 963 2584 dolebit
985 2529 1192 2590 vulnus,
1216 2530 1443 2609 agnosces
1471 2549 1693 2606 manumt
