2133 3209
258 235 854 290 LYs1MAcHUs
925 235 1467 288 TRAGoED1A2
1596 260 1636 304 ῃ,

110 323 212 376 Sed
231 342 364 377 amat
386 328 658 394 Amyntas.
699 327 869 375 Frater
901 323 1173 394 imperium
1195 323 1423 375 invidet:

109 399 209 450 Sed
234 416 368 450 amat
389 403 663 467 Amyntasv
689 397 924 470 Despicit
948 416 1127 449 natum
1150 415 1317 471 pater:

109 473 211 524 Sed
234 475 669 542 amat‘Amyntas¹
710 475 760 531 Si
788 472 914 544 quid
942 472 1153 525 ulterius
1177 490 1387 546 parant,

110 546 384 598 Cumulare
412 565 689 621 properent
720 550 823 601 fa-ta
850 569 860 597 :
891 567 971 598 me
991 546 1151 619 patria
1170 548 1377 601 exulem

108 619 292 671 Aliena
309 640 481 694 petere
507 642 688 697 regna,
708 643 788 674 me
811 622 1023 693 jubeant
1045 625 1203 675 mori:

108 695 242 747 Mihi
269 700 454 749 cuneta
475 696 623 749 ludus
646 696 797 750 fuerit
821 703 877 749 ὃί
903 696 1103 749 lucrum
1133 702 1238 769 pati
1260 722 1273 760 3

107 770 254 821 Dum
280 791 445 823 amare
466 791 732 844 nunquam
752 771 967 824 desinasf
1003 778 1214 849 Amynt.
1258 776 1481 829 Utinam
1500 780 1595 834 ‘tibi

106 843 401 915 Impendere
430 848 653 897 animam
681 846 833 898 liceat
853 889 866 910 ,
893 853 948 900 &
976 848 1194 898 honesto
1222 848 1378 902 fidem

107 917 326 971 Probare
349 920 451 973 leto
480 933 489 973 l
513 921 735 974 Cardine
757 923 859 973 hoc
877 941 1045 974 rerum
1065 921 1250 974 ultimo

106 990 274 1045 Placet
293 998 512 1067 experiri
542 1014 556 1048 ἒ
585 995 778 1048 facinus
806 995 1077 1049 infandum
1108 1001 1296 1070 accipe.

105 1067 197 1117 Per
219 1068 327 1121 haec
349 1069 564 1122 Seleuco
595 1091 770 1144 coepta
802 1108 819 1133 ,=
843 1091 929 1144 per
949 1073 1138 1125 medias
1166 1093 1311 1126 neces

106 1142 349 1215 Regnum
368 1163 571 1216 paratur
595 1169 607 1198 ε
637 1149 814 1199 vincat
834 1187 848 1208 ,
879 1153 934 1200 δε
958 1153 1069 1219 jure
1092 1148 1282 1199 excidis
1313 1181 1325 1213 3

104 1215 227 1266 Tibi
250 1236 389 1291 rapta
412 1237 626 1289 pereunt
649 1216 840 1290 sceptra
861 1239 874 1278 3
900 1223 1198 1290 posthabito
1223 1226 1395 1275 minor

105 1292 302 1361 Majore
321 1336 336 1353 ,
366 1292 500 1365 leges
528 1301 583 1347 δέ
610 1294 706 1344 tibi
734 1299 789 1346 ὃζ
811 1295 1014 1364 populis
1036 1295 1205 1355 dabit3

104 1365 369 1438 Novoque
401 1368 609 1419 fratrem
634 1387 777 1420 more
805 1364 1159 1421 dominantem
1178 1367 1323 1423 feres.
1631 1415 1637 1427 ,.

56 1486 61 1492 ,
103 1443 285 1513 eAgczt.
316 1445 452 1494 Nam
466 1462 577 1515 quae
597 1443 686 1493 ista
701 1444 886 1494 meruit
900 1443 1047 1517 culpa
1063 1460 1082 1494 2>
1095 1444 1238 1515 quod
1257 1445 1440 1498 luimus
1452 1446 1631 1503 scelus?-

106 1515 351 1593 Angynth.
373 1518 544 1570 Scelus
563 1518 658 1580 est,
677 1516 836 1568 libido
857 1520 1011 1591 regis.-
1026 1524 1185 1594 Agat.
1206 1524 1273 1572 Et
1296 1528 1454 1595 majus
1473 1521 1628 1574 seclus

107 1588 309 1644 Odium
327 1612 583 1647 novercae.-
621 1591 791 1644 Video
817 1593 1039 1664 :judicio
1066 1597 1227 1667 patris«

104 1669 267 1719 Exors
293 1667 499 1742 pericli,
528 1667 704 1720 debito
730 1669 917 1739 ejectus
944 1670 1105 1743 gradu
1117 1715 1136 1737 ‚v

106 1744 187 1794 Ad
216 1744 318 1794 hoc
346 1741 585 1796 reservor.
626 1743 983 1814 Anime,quid
1008 1744 1432 1822 statuis?Amy72t.
1451 1746 1629 1810 Vides,

104 1817 391 1891 Paterisque
414 1817 580 1869 lentus
612 1819 797 1890 probra
815 1838 831 1872 ?
848 1820 973 1889 quin
1000 1819 1220 1892 palmam
1240 1840 1457 1894 occupas
1476 1840 1492 1873 .>

109 1894 252 1964 Qin
279 1895 404 1944 urbe
423 1895 567 1944 taciti
595 1892 826 1967 fugimus
849 1935 862 1955 ‚
897 1898 952 1946 &
977 1913 1095 1969 rege
1129 1894 1286 1947 inscio

104 1969 321 2018 Ruimus
341 1974 392 2017 in
413 1968 578 2019 hostes
597 1985 611 2019 ὲ
631 1970 836 2019 Cuncta
859 1985 909 2019 te
935 1987 1118 2042 pugnae
1144 1969 1397 2043 auspicem

104 2040 262 2093 Ultro
293 2038 564 2112 sequentur
585 2044 790 2114 agmina
819 2084 833 2103 ,
856 2048 911 2094 ὃς
932 2041 1074 2093 fratri
1095 2047 1323 2097 abnuent

105 2116 278 2166 Parere
296 2134 528 2188 proceres
562 2137 571 2166 :
602 2133 757 2186 teque
779 2114 846 2167 fic
867 2135 1054 2189 pugnae
1085 2117 1260 2177 labor,

104 2190 438 2261 Laudumque
469 2209 576 2262 pars
612 2232 625 2252 ,
647 2188 731 2241 vel
755 2208 866 2242 tota
895 2190 1139 2262 spectabit
1168 2193 1320 2268 seges,

102 2264 316 2339 eAgath.
358 2268 439 2318 Ut
467 2266 553 2316 ista
572 2263 672 2316 fine
703 2285 782 2316 me
806 2263 950 2316 sortis
987 2285 1228 2320 extremae
1252 2267 1435 2321 artifex

103 2343 229 2391 Nox
258 2342 437 2392 abeat!
467 2339 734 2391 illaudatus
762 2382 775 2400 ,
805 2342 990 2412 ejectus
1017 2384 1030 2404 ,
1058 2341 1180 2394 reses
1204 2386 1218 2406 ‚

102 2418 169 2466 Et
186 2417 332 2466 inane
359 2413 492 2466 bello
515 2434 705 2466 nomen
722 2457 735 2476 ,
754 2413 925 2467 alienae
944 2434 1183 2470 extruam

105 2493 190 2541 De
214 2510 292 2541 me
318 2491 605 2563 trophaeum
630 2489 805 2563 gloriae
829 2505 843 2538 ἓ
867 2491 951 2541 Ah
974 2505 982 2538 ε
1003 2494 1175 2562 potius
1192 2532 1203 2543 .
1221 2533 1231 2544 .
1254 2534 1264 2545 .
1321 2495 1517 2547 Ratum
1535 2495 1626 2549 cst,v

106 2568 194 2616 Me
223 2584 303 2616 me
328 2564 410 2616 ille
434 2568 608 2619 vincet
630 2567 823 2616 comite
850 2606 864 2627 ,
894 2584 956 2615 ne
982 2568 1150 2619 victor
1178 2567 1269 2619 fibi

106 2641 257 2692 Putet
277 2641 365 2690 effe
390 2638 557 2698 frater.
595 2640 778 2693 Testor
801 2640 1038 2694 aethereas
1069 2640 1201 2693 faces

1307 2722 1340 2765 B
1377 2722 1405 2781 ij
