2133 3209
541 237 639 288 206
1010 234 1366 285 CAROLI
1449 233 1685 285 RUAEI

541 326 652 376 Hos
674 322 819 374 etiam
847 319 896 372 in
927 319 1068 374 vultu
1098 319 1253 374 voluit
1277 318 1591 392 iplendcsccre
1620 317 1805 376 sensus,

541 397 749 454 Mitibus
775 397 923 469 inque
944 395 1093 448 oculis
1116 393 1299 448 blando
1328 396 1377 447 se
1405 395 1589 449 lumine
1611 396 1781 469 pinxit.

543 475 680 526 Hinc
710 471 795 524 tibi
817 491 919 523 non
942 471 1086 524 duras
1116 472 1270 524 fraeno
1292 473 1593 544 compescere
1615 488 1801 525 mentes
1818 512 1833 534 ‚

541 551 652 602 Nec
680 547 814 600 labor
845 549 909 599 est
931 546 1060 621 juffis
1083 565 1162 620 per
1187 566 1385 620 poenam
1414 548 1646 601 accersere
1673 546 1881 620 pondus.

502 665 508 670 .
543 624 681 676 Velle
710 643 831 695 opus
855 625 920 675 est
947 663 960 682 ‚
991 621 1085 676 hoc
1117 640 1347 678 tantum3
1377 622 1509 677 hilari
1531 623 1669 678 fimul
1695 621 1862 676 omnia
1887 618 2054 695 fronte

541 698 740 753 Prolicis
769 698 997 772 obsequia
1024 720 1033 748 :
1062 706 1115 755 ὃς
1138 718 1200 751 ne
1223 699 1330 772 quis
1355 718 1518 773 parere
1543 700 1749 759 recuset,

540 775 661 828 Vim
689 775 799 828 facit
823 775 898 828 illa
923 776 1013 828 tuis
1035 774 1282 849 perlucens
1307 776 1456 850 gratia
1475 775 1648 832 verbis.

541 855 612 903 At
634 852 872 923 nusquam
896 851 1121 922 superum
1149 853 1411 905 reverentia
1435 853 1589 923 major
1606 895 1620 917 ‚
1653 853 1706 903 &
1735 848 1821 904 ulli

541 930 632 979 Par
654 926 798 998 pietas
832 924 969 989 urbi,
994 945 1078 999 par
1105 925 1251 997 plebis
1276 927 1432 980 cultus
1453 946 1615 1002 egenae
1632 968 1646 988 ‚

540 1004 630 1056 Par
651 1004 802 1055 sacros
832 1000 941 1054 alibi
970 1001 1131 1076 jungit
1159 1002 1420 1056 concordia
1440 1021 1615 1057 coetus,

540 1076 710 1130 Paffirn
733 1077 836 1130 altae
862 1095 1066 1151 regnant
1085 1078 1246 1130 secura
1264 1077 1445 1132 filentia
1471 1079 1619 1152 pacis:

541 1155 727 1224 Sponte
754 1154 909 1207 virent
937 1153 1082 1216 oleae‚
1109 1155 1407 1228 camposque
1428 1161 1484 1210 &
1508 1155 1659 1228 patria
1688 1154 1873 1208 circum

537 1227 756 1284 Delubra
782 1246 971 1282 aeternae
998 1228 1253 1300 complexu
1280 1229 1466 1283 frondis
1484 1229 1787 1285 inumbrant.

611 1304 780 1379 Usque
802 1305 925 1359 adeo
945 1304 1075 1382 suavi
1095 1303 1302 1377 populos
1327 1305 1449 1382 regis
1469 1307 1641 1362 ordine
1663 1304 1855 1363 Praesul.
