2133 3209
566 194 1161 243 PANEGYRICI

132 313 607 401 ANNAE
689 303 1638 399 AUSTRIACAE

219 462 974 538 FRANCORUM
1055 458 1544 534 REGINAE-

556 593 1222 648 EPICEDIUM.

618 701 733 742 AN.
787 701 847 745 M.
899 701 1010 740 Dc,
1063 699 1163 742 Lx.

284 805 536 860 UousTi
566 803 770 861 cineres,
799 808 962 857 Annae
988 821 1096 876 pars
1119 823 1218 857 una
1238 802 1391 856 relieti·

285 879 609 954 FrancigeniS,
632 898 777 933 terras
802 900 857 933 ex
880 901 983 954 quo
1006 881 1202 952 pertaesa
1224 886 1437 951 jacentes

131 959 298 1011 Altera
324 957 527 1010 solemni
549 957 685 1028 petiit
707 957 874 1027 supera
900 956 991 1009 alta
1010 954 1289 1027 triumpho:

130 1034 348 1095 Parcite,
372 1034 408 1084 st
434 1033 648 1102 plaus11S,
680 1035 732 1082 ὃ(
761 1033 891 1084 festa:
918 1050 1170 1085 murmura
1189 1050 1386 1113 pompae

131 1114 232 1163 Tui
239 1109 410 1160 bamus
431 1107 666 1160 lacrimis
655 1140 668 1162 >
693 1108 773 1161 sed
795 1107 924 1159 enim
952 1127 1083 1160 nunc
1101 1126 1270 1160 omma
1298 1124 1447 1159 terras

131 1185 316 1239 Gaudia
339 1183 619 1236 deseruere:
644 1184 816 1235 decent
837 1182 1044 1235 coelestia
1064 1178 1287 1254 plausus

131 1262 382 1335 Agmina,
419 1262 472 1310 &
499 1258 777 1311 Austriadas
801 1256 976 1330 quibus
1007 1205 1093 1310 estp
1099 1277 1238 1311 mens
1262 1255 1428 1310 addita
1456 1256 1644 1313 Divos:

131 1341 238 1390 Nos
263 1334 443 1393 miseri,
467 1333 708 1408 gemitus,
733 1354 842 1407 quae
865 1353 1065 1386 munera
1088 1333 1340 1406 possumus
1362 1351 1493 1395 una,

132 1411 286 1465 Affusi
316 1409 514 1463 ferimus
543 1409 767 1471 tumulo,
791 1427 1074 1483 magnaeque
1101 1426 1313 1481 parentis

131 1487 373 1542 Invictam
397 1485 611 1537 canimus
633 1485 891 1542 virtutem,
917 1488 970 1536 δε
996 1486 1141 1537 fortia
1169 1484 1326 1536 fad'ta:

131 1569 197 1617 Et
228 1564 258 1615 si
285 1560 580 1615 carminibus
606 1577 801 1614 tantum
819 1599 830 1617 ‚
855 1560 886 1611 fi
918 1580 1040 1613 voce
1067 1561 1314 1621 valemus3

131 1643 254 1693 Haec
275 1637 391 1690 olim
413 1636 641 1707 accipient
665 1636 856 1689 venturi
884 1636 1010 1688 faeta
1037 1654 1264 1708 nepotes,

133 1719 247 1768 Hos
268 1733 398 1788 gem
402 1730 476 1764 tus
504 1711 671 1783 procul
698 1711 829 1763 orbis
853 1714 903 1762 ὃς
935 1713 1109 1764 uiduus
1132 1711 1292 1764 audiet
1314 1709 1478 1766 aether.

201 1793 278 1843 Ut
300 1789 513 1862 primum
539 1786 691 1838 afflari
711 1807 820 1840 moi
827 1785 873 1838 bi
900 1785 1119 1839 letalibus
1143 1786 1268 1840 auris

132 1866 348 1941 Regina,
371 1867 422 1915 &
445 1863 582 1916 lento
601 1862 782 1935 depasci
804 1862 1000 1918 vulnere
1022 1863 1200 1935 coepit·
1189 1901 1203 1924 ‚

132 1942 392 1995 Continuo
413 1937 600 2009 templis
622 1958 801 1992 clrcum
827 1937 1086 1996 omnibus,
1110 1938 1341 1993 omnibus
1362 1939 1452 1992 aris

132 2016 295 2070 Emiffi
320 2018 379 2068 fle
384 2032 486 2072 tus,
515 2016 568 2064 &
596 2013 686 2067 laefi
712 2013 922 2066 numinis
948 2014 1035 2066 iras

133 2094 345 2147 Fleffikere
369 2088 654 2172 supplicibus
675 2106 851 2142 conata
877 2090 941 2141 est
967 2088 1125 2142 Gallia
1153 2090 1296 2144 votis.

134 2168 307 2223 Audiit
327 2166 489 2220 illustri
512 2185 677 2239 genius
700 2166 784 2237 qui
808 2164 1023 2236 praesidet
1047 2169 1231 2224 Annae,

134 2244 458 2317 Nascentique
482 2242 620 2294 datus
644 2242 898 2314 quondam
924 2261 1121 2295 comes:
1147 2242 1295 2295 audiit
1317 2241 1390 2294 ille

135 2321 239 2391 Qi
262 2319 402 2373 rebus
426 2323 759 2378 Francorum,
783 2320 836 2368 &
863 2316 1040 2369 ditibus
1068 2317 1273 2371 excubat
1294 2318 1403 2371 oris,

138 2398 258 2447 Non
281 2413 439 2448 tamen
467 2395 533 2446 est
552 2392 737 2457 sensu5‚
756 2391 937 2445 morbo
955 2392 1124 2465 super,
1152 2413 1276 2446 unus
1295 2393 1517 2468 utrique.

139 2471 240 2524 Hic
261 2476 458 2524 Annam
484 2470 714 2540 superesse
737 2467 879 2528 velit,
903 2468 1173 2543 longosque
1195 2489 1275 2540 per
1300 2489 1456 2523 annos

137 2547 396 2623 Egregiam
416 2545 668 2623 sobolem,
692 2543 966 2624 sobolisque
990 2545 1148 2601 videre
1172 2545 1480 2674 triumphes
1458 2578 1473 2600 ,

1453 2620 1481 2692 ι1
