2133 3209
529 205 614 260 '164
1010 204 1364 254 cARoL1
1429 205 1642 258 RUAE1

526 284 754 345 Lutetia,
783 291 836 340 ὅ(
861 288 952 342 sese
972 289 1118 364 longe
1142 287 1448 344 venientibus
1471 290 1635 345 offert.

525 362 687 424 Illam,
710 365 1017 438 nascentique
1042 370 1181 429 De0,
1206 385 1490 440 magnaeque
1516 366 1722 438 parenti,

525 438 792 493 Nobilibus
818 443 956 494 donis
987 441 1272 514 opulentam
1295 443 1516 515 Augusta
1537 441 1749 506 dicabat,

525 516 811 569 Immortale
836 517 908 570 sui
940 535 1325 571 monumentum
1357 520 1410 568 &
1439 521 1610 591 pignus
1637 517 1827 575 amoris.

524 594 662 664 Ergo
692 591 1063 648 Corinthiacum
1086 593 1216 646 coelo
1246 593 1293 646 se
1324 596 1451 648 vasta
1474 592 1658 646 ferebat

524 665 744 718 Porticus
767 667 816 719 in
840 688 1061 733 morem,
1080 668 1405 745 gradibusque
1432 669 1608 723 educta
1633 667 1871 740 superbis}

525 745 760 814 Qatuor
781 742 918 806 hinc,
944 745 1151 799 totidem
1178 745 1380 798 tollebat
1401 752 1457 801 &
1483 746 1598 798 inde
1624 745 1901 798 columnas:

523 818 679 886 Qis
713 817 836 872 binae
863 820 1100 892 impositae
1125 839 1258 892 parte
1288 841 1346 875 ex
1373 839 1576 895 utraque
1597 820 1810 876 minores

524 892 805 965 AEquabant
826 896 979 968 operis
1001 896 1185 968 fastigia
1211 917 1220 945 2
1255 916 1343 950 nec
1361 898 1471 951 suus
1492 897 1575 950 ulli

525 970 710 1021 Deerat
736 969 895 1025 honos
915 971 1084 1044 lapidi,
1108 968 1285 1045 reginae
1308 972 1420 1025 huic
1440 992 1649 1030 nomen,
1677 978 1732 1027 δε
1753 970 1828 1023 isti

526 1044 673 1102 Lilia,
701 1049 754 1097 ὃς
782 1049 1040 1101 Austriacae
1064 1047 1294 1118 descripta
1321 1048 1519 1121 infignia
1542 1047 1695 1122 gentis
1708 1070 1727 1098 .-

527 1120 802 1174 Frondibus
819 1121 899 1176 hic
921 1125 1083 1180 variis,
1111 1123 1245 1177 variis
1270 1127 1321 1175 &
1347 1123 1548 1176 floribus
1575 1123 1648 1176 ille

527 1194 666 1247 Mille
688 1198 844 1251 modis
873 1219 1045 1252 omnes
1075 1198 1319 1271 insculpti,
1345 1203 1397 1250 &
1424 1199 1552 1252 mille
1574 1199 1751 1274 figuti-3.

528 1274 604 1323 At
625 1273 809 1326 sursum
830 1293 1080 1349 emergens
1113 1276 1280 1328 medio
1304 1275 1360 1327 de
1384 1274 1567 1327 fornice
1589 1276 1728 1328 turris

529 1347 746 1421 Erigitur
767 1391 779 1411 ,
809 1349 1147 1422 templumque
1177 1349 1390 1403 rotunda
1411 1351 1541 1403 mole
1563 1366 1793 1403 coronat:

530 1426 721 1477 Aureus
744 1424 792 1475 in
816 1426 1012 1477 summo
1035 1426 1180 1479 micat
1209 1424 1338 1477 orbis
1357 1467 1372 1487 ,
1395 1428 1450 1475 ἃ
1485 1443 1628 1478 aurea
1651 1425 1744 1477 late

531 1501 688 1550 Tecta
713 1498 981 1572 repercusso
1003 1499 1153 1553 solem
1175 1501 1363 1575 fulgore
1388 1500 1636 1554 lacessunt.

604 1573 695 1626 Sed
714 1575 811 1642 jam
842 1593 1052 1629 extrema
1080 1593 1258 1629 vocant
1281 1576 1570 1648 speetacula,
1598 1578 1652 1627 ὃ(
1679 1574 1846 1629 ultima
1875 1575 2041 1629 fratres

530 1649 672 1705 Atria
705 1651 941 1705 devenere
965 1677 982 1711 ,·
1009 1651 1173 1723 opifex
1196 1651 1281 1705 ubi
1305 1652 1414 1705 diva
1436 1651 1684 1723 supremos

530 1724 738 1797 Reginae
761 1726 918 1784 casm,
946 1730 998 1777 &
1029 1746 1130 1778 non
1157 1726 1383 1780 concussa
1404 1726 1572 1779 dolore

532 1802 740 1854 Pectora
763 1802 958 1855 caelarat„
997 1800 1184 1855 Morbo
1206 1802 1485 1875 languentia
1506 1801 1727 1855 membra

534 1877 853 1948 Agnoscunt,
877 1877 1132 1949 multaque
1158 1879 1369 1930 natantia
1389 1876 1573 1929 lumina
1595 1881 1766 1940 ηοᾶε,

532 1951 707 2022 Dilaps
701 1971 884 2027 umque
908 1953 1002 2005 oris
1024 1954 1164 2006 decus
1181 1994 1195 2015 ,
1221 1956 1276 2005 &
1307 1952 1407 2022 jam
1435 1970 1593 2006 morte
1611 1951 1698 2005 sub
1724 1954 1818 2026 ipsa

531 2026 843 2085 Eluctantem
871 2028 1116 2090 animam,
1143 2029 1431 2101 suspiriaque
1451 2046 1577 2104 aegra
1600 2028 1888 2082 trahentem.

532 2105 642 2155 Nec
664 2102 811 2177 longe
838 2105 1059 2157 Lodo'1'co
1080 2105 1217 2157 incisa
1240 2104 1431 2159 videtur
1462 2105 1651 2177 imago,

533 2178 733 2252 Ipsaque
754 2178 1007 2232 sollicitum
1032 2179 1170 2232 facies
1201 2182 1398 2232 testatur
1419 2198 1663 2233 amorem:

535 2258 679 2309 Laeva
702 2274 875 2309 manus
898 2254 1032 2308 fulcit
1060 2273 1202 2327 caput
1224 2256 1406 2311 altum·-
1434 2253 1720 2326 humerique
1741 2255 1981 2311 fluentem

537 2332 807 2402 Accipiunt
829 2330 1044 2405 finelege
1074 2351 1296 2384 comam:
1324 2349 1411 2382 nec
1441 2328 1631 2401 publica
1654 2346 1871 2385 mentem

538 2407 706 2466 Cura,
731 2426 817 2462 nec
846 2406 1066 2461 immenfi
1087 2424 1198 2460 toto
1219 2407 1387 2479 procul
1411 2403 1768 2467 orbe-labore53

540 2480 638 2532 Sed
665 2481 827 2534 morbi
848 2483 915 2536 vis
941 2483 1084 2547 dura,
1109 2485 1162 2534 &
1186 2503 1289 2536 non
1311 2480 1593 2534 medicabile
1617 2480 1821 2546 vulnuS,

538 2559 602 2610 Et
621 2557 846 2630 propiora
867 2576 1073 2616 movent
1095 2558 1276 2616 dilectae
1296 2558 1463 2612 funera
1489 2555 1665 2612 matris.
