2133 3209
543 213 631 263 '186
1023 217 1375 267 CAROLI
1445 216 1673 268 RUAEI

546 301 659 352 Nec
682 319 850 363 mora,
879 301 1076 376 jamque
1097 301 1224 357 viam
1253 300 1386 354 coelo
1407 299 1494 352 fibi
1512 302 1652 367 fecit,
1679 305 1734 356 &
1765 321 1873 358 ecce

544 377 845 447 Improvisus
862 379 1010 432 adest.
1048 379 1171 430 Non
1194 375 1333 430 illum
1362 376 1659 432 undantibus
1686 378 1834 432 aethet

548 450 821 507 ObduCtus
841 452 1057 512 nebulis,
1086 452 1217 507 versa
1242 471 1332 507 nec
1358 453 1605 525 Aquarius
1631 474 1754 509 urna

547 527 836 583 Tardavere.
874 529 1027 583 Videt
1054 527 1237 606 rigidos
1268 527 1537 582 horrescere
1563 547 1792 593 montes,

542 604 607 653 Et
626 601 757 673 stitis
790 606 852 678 cst
883 604 1053 680 vidiffi’
1078 625 1086 653 :
1111 604 1253 659 simul
1282 619 1506 658 concreta
1529 605 1710 676 pruinis

543 676 779 732 Culmina
806 679 1060 735 subsidunt
1080 680 1187 737 visu
1204 722 1216 741 ,
1241 680 1431 755 lateque
1458 695 1677 753 tepentes

540 755 766 826 Liquitur
792 756 843 810 in
866 756 994 813 rivos
1019 756 1206 831 hyemis
1225 757 1362 811 labor
1387 756 1544 811 irritus
1571 777 1582 804 ε
1611 760 1665 809 &
1691 754 1791 826 jam

539 831 680 882 Rura
703 849 874 885 natant
897 856 907 883 ·.
931 838 1084 904 ruptis
1109 835 1458 888 immurmurat
1480 832 1697 906 undique
1718 832 1834 885 saxis

541 904 817 970 Plurimus,
844 911 898 959 &
926 909 1068 963 viclo
1087 908 1364 962 devolvitur
1385 909 1526 962 obice
1551 924 1757 963 torrens.

539 983 668 1035 Mox
691 989 743 1037 δε
769 982 933 1038 vicinis
956 1004 1144 1059 magno
1175 984 1271 1036 sese
1296 984 1475 1057 impete
1505 984 1671 1038 miscet

538 1057 814 1118 Amnibus,
840 1060 902 1112 illi
921 1059 1051 1113 ultro
1082 1060 1355 1134 fugientem
1374 1067 1429 1117 &
1452 1078 1592 1113 rauca
1613 1059 1875 1113 sonantem

535 1134 819 1206 Excipiunt,
845 1135 1118 1210 eodemque
1139 1137 1366 1190 feruntur
1390 1136 1438 1188 in
1458 1154 1656 1209 aequora
1687 1135 1832 1207 lapsu.

608 1214 681 1261 Ite
702 1211 884 1270 modo,
910 1214 963 1264 ὃς
989 1211 1168 1266 Phoebi
1195 1232 1300 1265 non
1325 1211 1546 1268 evitabile
1568 1211 1737 1266 lumen

535 1288 839 1361 Oceanoque
861 1286 1012 1360 patri,
1045 1293 1313 1362 Boreaeque
1342 1286 1663 1343 frementibus
1690 1286 1815 1340 auris

532 1361 693 1414 Dicite
708 1403 727 1423 ,
757 1367 810 1416 ὅς
836 1364 887 1416 in
908 1363 1077 1417 similes
1099 1382 1366 1420 venturum
1397 1363 1569 1417 instare
1592 1362 1884 1434 triumphos.

609 1439 746 1491 VOS
772 1457 974 1513 quoque
997 1439 1250 1512 Sequanici
1275 1457 1525 1510 proceres,
1554 1437 1805 1492 fortiffima
1826 1437 1997 1491 frustra

529 1514 785 1577 Nomina,
808 1536 895 1570 vos
925 1514 1017 1567 acri
1040 1515 1232 1569 dudum
1258 1515 1437 1569 servitis
1462 1514 1625 1568 Ibero.

529 1592 604 1640 At
632 1607 791 1661 neque
815 1589 969 1643 adhuc
987 1589 1197 1665 longum
1213 1589 1453 1644 laetabitur
1477 1611 1486 1638 ε
1508 1588 1691 1662 aequior
1714 1589 1832 1642 alter

528 1664 787 1722 Imminet,
821 1669 873 1717 ἃ
899 1668 1081 1720 vestros
1106 1665 1339 1719 dominus
1363 1666 1449 1720 fibi
1480 1665 1631 1738 poscit
1652 1684 1875 1718 amores:

524 1738 741 1810 Excipite
764 1740 822 1805 ὁ,
844 1740 1057 1814 laetisque
1079 1741 1252 1795 alacres
1275 1742 1513 1797 occurrite
1536 1741 1660 1795 fatis.

594 1815 794 1891 Qiippe
819 1837 908 1870 nec
936 1818 1201 1870 innumeris
1227 1818 1426 1890 opibus,
1452 1838 1554 1871 non
1586 1834 1687 1870 arte
1705 1856 1718 1875 ‚
1752 1834 1840 1868 nec
1869 1817 2037 1877 armiS,

525 1891 800 1963 Aggeribus
824 1912 912 1946 nec
932 1909 1156 1957 centum,
1179 1897 1234 1946 ὅς
1255 1913 1461 1949 centum
1491 1892 1703 1948 turribus
1727 1889 1875 1945 urbes

518 1967 768 2029 Defensae,
792 1969 1002 2022 Lodo'ici
1021 1969 1167 2028 acies,
1197 1970 1519 2044 rapidumque
1547 1968 1725 2023 morari

520 2042 773 2096 Ardorem
799 2044 1029 2100 evalcant.
1063 2048 1185 2098 Non
1205 2046 1238 2101 fi
1261 2046 1416 2100 solido
1439 2065 1531 2102 aere
1558 2046 1792 2123 rigescant

517 2119 743 2178 Moenia,
777 2121 809 2174 fi
836 2123 1052 2195 segetem
1077 2120 1350 2177 bellantum
1367 2163 1380 2182 ‚
1412 2123 1733 2197 equitumque
1763 2121 2001 2194 maniplos

515 2194 691 2248 Fertilis
712 2195 760 2255 in
781 2200 971 2251 nostros
997 2197 1234 2271 producat
1254 2215 1376 2252 terra
1403 2199 1618 2253 labores:

515 2272 840 2332 Germanive‚
869 2291 953 2327 aut
981 2275 1225 2328 immenfis
1245 2275 1468 2329 exterrita
1499 2275 1674 2347 coeptis

512 2347 719 2418 Anglia,
746 2349 1052 2424 collectisque
1082 2353 1280 2406 Batavia
1308 2351 1556 2413 classibus,
1580 2372 1683 2406 uno

513 2421 716 2475 Foedere
738 2425 1021 2492 conjunetas
1046 2444 1236 2481 arment
1265 2428 1316 2481 in
1346 2428 1503 2502 praelia
1524 2429 1661 2484 vires.

586 2496 667 2548 llle
692 2501 915 2572 equidem
939 2505 1103 2558 vestris
1125 2523 1258 2558 nunc
1281 2505 1428 2579 longe
1453 2525 1479 2558 a
1500 2505 1676 2559 finibus
1707 2505 1872 2566 heros,

514 2570 656 2625 Aulai
679 2573 727 2627 in
750 2576 938 2635 medio,
969 2579 1163 2649 positiS,
1189 2598 1244 2635 ut
1268 2582 1505 2641 creditur,
1539 2583 1705 2643 armis,
