2133 3209
538 210 1212 281 PKNEGYRICL
1544 227 1631 282 ,η

124 302 439 379 Obsequium
463 300 691 356 ferimus:
710 301 917 375 quando
948 317 1030 354 tua
1052 316 1277 372 tempora
1301 300 1480 354 circum
1498 343 1518 364 ‚

120 380 510 450 Gemmatosque
535 376 713 448 apice3‚
739 378 994 449 mitraeque
1019 375 1260 431 biverticis
1285 396 1485 434 aurum,

116 455 303 510 Aonias
326 456 479 526 paffus
507 452 795 520 jamdudum
828 452 1059 525 adrepere
1092 449 1289 505 frondes

114 531 226 585 Nee
251 548 385 585 vates
416 529 538 604 fugis
563 531 679 587 esse,
707 548 797 581 nee
818 529 1073 599 aspernaris
1095 527 1277 582 haberi.

113 611 315 660 Mecum
344 607 504 658 omnis
526 604 718 676 paribus
744 603 1004 676 studiisque
1023 604 1254 676 annisque
1276 611 1508 677 juventus
1520 616 1537 662 ‚'

112 681 366 735 Musarum
403 699 533 735 nova
554 699 666 734 cura
688 699 701 735 5
727 687 781 734 δε
805 699 1000 733 mecum
1030 679 1260 753 grandior
1281 698 1418 743 aetaS,

110 757 310 809 Emeriti
334 755 539 811 veniunt
561 774 803 828 procereS,
828 753 1069 809 elariffima
1098 753 1240 810 Pindi

111 833 350 891 Lumina,
381 835 519 884 Cana
546 829 723 904 quibus
753 831 908 884 multa
934 849 1076 885 coma
1105 831 1255 902 pressa
1277 850 1476 887 corona.

111 910 286 961 Unum
314 927 484 961 omnes
506 907 670 979 positis
693 924 740 960 te
762 906 934 960 frontis
959 905 1255 967 honoribus,
1283 927 1441 964 unum

112 982 332 1051 Abjeetis
352 1003 522 1037 eoram
550 982 748 1040 fidibus,
779 982 1002 1057 lituoque
1028 999 1217 1052 jacente

110 1064 240 1112 Ante
263 1061 404 1129 pedes
425 1101 439 1122 ,
470 1079 624 1111 unum
646 1058 749 1112 litui
777 1059 1050 1132 fidiumque
1072 1074 1330 1132 potentem

114 1139 186 1186 Te
210 1135 429 1188 colimus,
460 1134 648 1204 Qales
672 1134 800 1187 Latii
822 1137 926 1206 post
953 1133 1075 1187 bella
1095 1133 1311 1187 solebant

108 1213 258 1261 More
286 1211 428 1263 duces
450 1209 608 1280 patrio
630 1210 744 1262 celsa
766 1211 826 1262 ad
850 1209 1092 1282 Capitolia
1119 1210 1247 1262 vesti
1264 1250 1279 1269 ,

107 1285 344 1337 Vistriees
373 1284 504 1337 Jovis
526 1285 574 1336 in
597 1284 787 1358 gremio
814 1285 1057 1356 deponere
1081 1284 1256 1337 lauruS.

110 1360 211 1412 Tali
232 1379 278 1413 te
306 1359 508 1413 fremitu
530 1360 799 1419 merorem,
823 1380 875 1414 ae
899 1360 1070 1414 talibus
1106 1358 1262 1413 ambit

109 1438 241 1488 Gens
270 1455 435 1491 vatum
461 1434 713 1508 obsequiis.
762 1440 833 1488 Te
858 1435 1023 1490 subter
1048 1435 1207 1488 laurea
1238 1434 1402 1508 paffim
1431 1495 1438 1502 ,

106 1515 377 1587 Congeries
394 1551 409 1566 ,
429 1511 648 1583 foliisque
671 1510 856 1566 hederae
882 1510 1205 1584 reptantibus,
1237 1511 1378 1563 omni

105 1589 143 1637 E
169 1606 401 1648 nemore,
427 1603 573 1660 atque
599 1587 736 1639 omni
763 1588 981 1661 decerpta
1011 1607 1064 1640 ex
1091 1585 1266 1639 arbore
1291 1586 1451 1639 dona:

106 1662 203 1714 Seu
231 1683 339 1735 quae
371 1667 547 1715 Franea
574 1662 687 1725 tibi,
709 1663 792 1715 seu
815 1685 923 1736 quae
948 1663 1033 1716 tibi
1060 1663 1248 1736 Belgica
1271 1662 1409 1715 tellus

106 1738 534 1810 Sauromataeque,
561 1737 841 1811 Gotliique,
866 1743 918 1790 ἃ
947 1739 1104 1792 divitis
1122 1736 1280 1790 accola
1307 1738 1447 1808 ponti

104 1812 329 1872 Cimber,
361 1816 411 1864 ὃ(
437 1831 612 1866 auratae
641 1814 873 1867 scrutator
899 1814 1064 1868 Iberus
1088 1833 1267 1869 arenae,

105 1890 413 1962 Septenoque
441 1889 527 1942 tibi
548 1890 775 1960 plaudens
802 1912 826 1943 e
855 1888 1068 1943 eulmine
1089 1891 1258 1960 pendit

104 1963 265 2018 Italus.
295 1971 360 2017 Et
383 1965 498 2038 quid
519 1964 676 2018 adhue
701 1965 935 2037 Cyrrhaea
962 1966 1216 2018 eacumina
1242 1965 1409 2016 nostro

103 2037 271 2093 Thure
297 2041 476 2099 calent,
502 2041 653 2094 socii!
673 2042 789 2113 quid
817 2040 1068 2094 Phoebum
1090 2041 1139 2091 in
1163 2057 1277 2094 vota
1303 2046 1570 2095 vocamus?

105 2115 251 2167 Nune
272 2118 449 2186 pudeat
470 2135 651 2169 vanum
677 2115 899 2171 Permeffi
927 2115 1116 2169 haurire
1134 2116 1377 2188 liquorem

107 2192 391 2264 Castaliique
410 2193 561 2253 lacus,
585 2195 637 2244 δε
667 2197 928 2266 Hyantaeae
949 2192 1238 2267 Aganippes.

103 2265 396 2340 Languidior
416 2268 576 2321 menti
594 2267 723 2321 calor
743 2268 855 2322 hine
876 2269 1025 2324 venit.
1058 2272 1107 2321 O
1133 2268 1216 2321 ubi
1239 2263 1413 2321 Sendae

103 2341 272 2414 Irrigui
301 2348 478 2398 traehis
504 2348 517 2392 ?
551 2343 651 2397 Ubi
675 2347 862 2416 Luppia
885 2345 1077 2404 mollis',
1102 2347 1154 2395 ὅ(
1178 2344 1347 2417 ingens

105 2419 310 2472 Amilius
333 2424 346 2469 ?
372 2420 518 2492 plenis
548 2419 632 2472 ubi
659 2421 797 2473 mella
820 2421 1016 2473 fluentia
1037 2419 1170 2479 rivis,

104 2494 169 2544 Et
194 2498 437 2549 matutino
465 2494 680 2548 stillantia
702 2499 896 2548 ne‘stare
917 2514 1047 2566 prata
1063 2500 1087 2547 ,Ρ

106 2570 153 2623 O
176 2569 296 2624 inihi
316 2592 471 2646 quam.
490 2570 717 2631 blandus,
744 2573 927 2626 Resoni
958 2572 1031 2630 vel
1052 2570 1202 2625 fontis
1227 2569 1286 2627 'ad
1312 2587 1419 2640 oras
