2133 3209
227 219 805 276 LYSIMACHUS
856 216 1401 271 TRAGOEDIA:
1531 224 1577 282 '33

78 309 278 367 Potiora
303 307 446 362 solvit
478 305 658 367 vincla,
684 323 910 360 naturam
939 306 1148 379 expulitz

77 392 140 441 Et
160 385 338 463 proprii
373 384 485 437 osor
516 383 756 459 sanguinis
781 423 794 442 ‚
822 385 1020 436 fratrem
1042 382 1194 457 impio

78 462 322 517 Mactavit
344 462 474 514 ausu.
500 461 713 536 eAgath.
738 459 888 513 Ludis
913 464 928 508 ἓ
957 457 1145 516 Charil.
1173 464 1338 515 Immo
1369 455 1579 533 denique

75 544 185 594 Nos
209 537 371 591 ludere
399 537 493 610 ipse
509 536 665 590 define
690 556 699 585 :
724 535 967 589 insontem
988 535 1110 596 scio,

75 619 175 669 Res
198 613 352 686 patuit
375 612 536 667 omnis
554 652 566 670 ‚
592 611 723 666 nulla
753 630 860 685 pars
883 611 1003 663 faeti
1021 627 1107 664 tua
1137 613 1201 666 est
1224 632 1233 661 :

75 693 266 744 Totum
278 688 373 742 hoc
387 692 618 763 Amyntae
637 690 719 741 est.
737 692 841 763 Ag.
869 685 1093 750 Abstine,
1111 685 1332 753 Charile,
1347 685 1575 744 obsecro:

75 772 260 820 Curam
285 767 463 838 asperas
483 764 710 836 jocandO.
748 765 898 819 Char.
921 763 1010 817 Nil
1039 765 1216 818 fictum
1240 764 1449 840 loquor,

70 845 183 916 Ego
209 840 328 897 vidi:
354 846 599 915 Amyntas
623 841 761 894 caedis
785 845 1040 895 auctorem
1067 840 1222 914 palam

72 920 137 971 Se
164 918 421 990 profitetur
446 917 569 990 ipse,
595 935 643 970 te
665 917 803 990 culpa
824 916 993 971 eximit
1019 937 1029 964 ε

71 993 245 1047 Verbis
275 995 424 1047 fidem
455 1012 538 1046 rex
566 993 796 1052 adhibet,
842 997 896 1046 &
924 1011 1143 1048 mortem
1164 1011 1248 1047 reo

70 1067 182 1124 *Jam
204 1086 354 1142 parat.
384 1068 580 1146 Agath.
615 1074 865 1143 Amynta,
895 1068 1179 1141 video‚jam
1202 1072 1392 1125 constat
1419 1070 1535 1124 fides
1561 1090 1573 1118 :

69 1145 205 1198 Male
238 1144 518 1218 suspicabar.
555 1149 606 1198 O
633 1153 801 1200 amor!
825 1145 945 1217 quid
967 1165 1071 1199 non
1096 1145 1235 1215 jubes

71 1221 270 1274 Audere
297 1236 543 1274 amantem
564 1224 577 1268 ?
601 1221 735 1272 Ficta
756 1240 1080 1292 quaecumque
1107 1223 1285 1283 audiit,

71 1298 218 1350 Putet
249 1297 340 1350 effe
355 1295 576 1372 genitor:
599 1295 743 1349 frater
767 1295 854 1349 hac
879 1296 1049 1349 cecidit
1066 1317 1243 1351 manu:

73 1373 266 1426 Sceleris
289 1378 533 1446 Amyntas
558 1373 685 1424 testis
711 1414 723 1432 ‚
767 1371 903 1425 haud
932 1376 1106 1426 auctor
1125 1374 1237 1430 fuit.

73 1447 262 1503 Charil.
290 1449 515 1522 Prodigia
538 1466 712 1501 narras.
747 1451 869 1501 Hoc
886 1465 1076 1507 tamen,
1109 1450 1285 1504 fictum
1307 1450 1416 1506 licet
1432 1470 1451 1512 ,’

69 1525 216 1578 Necis
249 1527 314 1577 est
361 1524 539 1596 periclo
580 1525 860 1596 proximum
888 1545 896 1572 ε
923 1541 979 1578 ut
1001 1525 1178 1578 fletum
1208 1526 1322 1582 velis
1343 1567 1358 1587 ,

67 1599 357 1673 Dolumque
390 1600 591 1655 amantis
620 1602 711 1654 effe
749 1601 1041 1657 contendas5
1074 1602 1222 1656 fidem

68 1677 194 1728 Non
224 1676 465 1731 obtinebis
492 1697 501 1725 ε
531 1677 769 1750 quidquid
796 1676 860 1730 ab
888 1681 1108 1751 Amynta
1133 1678 1263 1751 prius

70 1752 273 1823 Accepit
297 1793 310 1811 ,
350 1752 414 1804 ita
439 1773 558 1805 mox
588 1754 753 1808 avidus
785 1754 981 1826 arripuit
1009 1771 1158 1826 pater.

71 1829 134 1880 Et
169 1828 311 1880 fuerit
332 1847 489 1890 error,
516 1848 667 1882 necne
692 1848 705 1885 3
735 1830 855 1882 dum
879 1847 1052 1884 natum
1078 1828 1257 1883 eximat
1273 1845 1292 1888 ,¹

71 1901 237 1956 Placet
265 1923 424 2033 erglorb
445 1909 549 1982 Ag.
590 1908 824 1963 Heutme.
858 1905 1009 1961 Char.
1046 1905 1259 1962 Proinde
1299 1903 1376 1961 cui
1397 1908 1573 1964 cadere

279 2000 304 2032 a
359 2003 386 2032 u
429 1997 501 2039 et,

74 2053 260 2107 Cadat:
287 2056 470 2108 volenti
500 2055 565 2107 nil
591 2074 763 2109 noces:
791 2057 911 2110 dum
928 2058 1027 2109 sors
1043 2055 1180 2124 juvat
1199 2098 1214 2120 ,

71 2128 261 2183 Servire
285 2130 407 2184 disce
441 2132 667 2203 tempori.
702 2131 911 2208 «Agath.
938 2136 1020 2186 An
1042 2130 1210 2186 sanum
1232 2148 1402 2206 putas;

71 2205 172 2258 Cui
195 2205 298 2258 talia
317 2207 466 2272 offers
489 2207 706 2261 consilia?
742 2208 890 2263 Char.
919 2210 1001 2262 An
1028 2229 1227 2283 aequum
1245 2227 1384 2284 putas
1408 2228 1428 2272 ,¹

68 2280 236 2334 Patriae
254 2281 714 2339 levamenunicum
738 2324 751 2343 ,
787 2287 840 2336 &
867 2283 1001 2357 lapsae
1029 2286 1208 2340 domus
1233 2320 1253 2343 ι

75 2359 319 2410 Tutamen
352 2359 481 2414 ultro
515 2361 709 2433 perdere
729 2401 745 2420 ,
774 2362 826 2412 ὃς
845 2362 946 2434 spes
969 2362 1197 2416 omnium

73 2432 333 2488 Praecidere
355 2438 368 2483 ?
395 2441 466 2489 At
489 2453 538 2490 te
557 2436 748 2511 publica
769 2454 936 2491 exoret
956 2438 1074 2492 salus
1094 2480 1114 2500 ,

76 2509 310 2564 Concede
336 2511 496 2583 patriae
525 2530 699 2569 temet:
723 2512 854 2567 haud
883 2516 1012 2589 turpi
1033 2515 1147 2571 velis

73 2583 372 2663 Profundere
396 2588 605 2648 animam
639 2607 816 2671 morte..
839 2592 1032 2669 Agath.
1070 2592 1158 2660 Vis
1178 2591 1307 2661 nulla
1335 2591 1571 2667 exprimet

1337 2673 1380 2723 Ε
