2133 3209
559 247 645 286 080
1045 235 1397 285 CAROLI
1465 235 1678 286 RUAEI

560 326 835 395 BaCtraque
855 321 1009 375 adhuc
1028 361 1040 379 ,
1063 319 1358 391 summisque
1387 318 1510 370 Afiae
1533 320 1591 372 de
1620 319 1798 374 finibus
1820 321 1968 375 Indos

563 398 718 453 Gestit
747 398 1018 450 Alexander
1037 437 1048 454 ‚
1083 395 1280 467 Libycae
1302 410 1409 446 tum
1437 393 1585 468 gloria
1612 397 1765 471 gentis

563 473 776 528 Annibal
802 473 1027 545 antiquos
1053 471 1207 524 volvit
1229 467 1317 522 sub
1350 487 1515 521 mente
1539 471 1758 536 labores,

560 556 626 604 Et
654 547 914 607 Trebiam,
940 551 993 598 &
1029 549 1251 604 Cannas,
1278 548 1326 596 &
1357 546 1515 597 adac'ti
1546 548 1806 619 opprobria
1838 549 1943 602 leti:

563 632 757 680 Torvus
777 622 933 677 adhuc
957 642 1012 676 ut
1037 623 1312 695 quondam,
1340 621 1614 694 Italascum
1650 642 1859 678 verteret
1884 644 2011 678 arces

560 701 736 756 Victor
754 741 767 759 ‚
796 703 847 751 ὃς
881 699 1115 752 aclmenso
1137 697 1288 750 clades
1314 697 1604 768 expenderet
1622 717 1761 754 auro,

560 776 744 849 Aspicis
776 779 828 827 &
856 775 1105 851 geminos,
1138 773 1294 848 Tyriae
1319 774 1422 826 duo
1441 774 1609 828 funera
1634 776 1802 844 prolis,

563 852 796 925 Scipiadas
820 871 831 898 .·
859 851 1140 923 Mariosque
1157 890 1169 911 ,
1195 850 1486 923 invefbaque
1511 851 1716 905 nomina
1740 857 1941 914 BrutOS,

561 927 861 1001 Secretisque
886 925 968 998 piis
989 926 1230 979 dicentem
1253 931 1359 998 jura
1381 930 1656 991 Catonem,

561 1003 790 1060 Protinus
821 1002 977 1056 effuso
1005 1019 1260 1074 properare
1285 1000 1345 1052 ad
1376 999 1511 1053 litora
1539 1003 1713 1075 gressu.

561 1084 732 1155 Qam
754 1078 932 1134 vellent
956 1077 1130 1153 Stygiae
1153 1076 1332 1148 pariter
1361 1092 1408 1128 te
1429 1077 1619 1130 vindice
1640 1077 1800 1131 nostis

559 1157 739 1210 Exolui
767 1153 1005 1218 tenebri5‚
1034 1152 1316 1225 superasque
1339 1152 1540 1206 invisere
1569 1153 1696 1206 sedes

562 1235 711 1287 Dum
733 1230 867 1288 licet,
893 1233 947 1282 &
970 1229 1139 1304 grandi
1166 1246 1327 1281 tecum
1354 1228 1542 1299 prodire
1571 1231 1838 1284 cothurno,

621 1311 728 1360 Nec
749 1323 911 1359 tamen
934 1321 1017 1358 aut
1041 1304 1221 1357 meritis
1245 1304 1467 1356 devincta
1493 1304 1764 1359 minoribus
1792 1323 1905 1359 aetas

562 1384 748 1438 Nostra
769 1380 884 1443 tibi,
913 1397 995 1433 aut
1017 1381 1145 1433 seros
1168 1395 1277 1432 aetas
1304 1379 1464 1432 visura
1497 1395 1728 1449 nepotes:

563 1461 786 1532 Utraque
812 1476 927 1509 cum
954 1455 1172 1527 pulchras
1201 1472 1283 1527 per
1315 1470 1360 1506 te
1389 1453 1633 1507 formetur
1651 1455 1699 1506 in
1724 1472 1871 1520 artes5

561 1539 629 1588 Et
661 1532 886 1608 gravibus
912 1530 1054 1585 discat
1081 1529 1329 1598 majorum
1360 1529 1568 1582 infistere
1594 1531 1747 1584 facitis.

560 1614 668 1664 Nec
695 1608 813 1663 mihi
836 1606 1089 1681 quisquam
1110 1606 1202 1657 alio
1233 1621 1419 1657 mentes
1443 1605 1677 1679 assurgere
1707 1606 1841 1660 cultu

561 1685 724 1738 Altius
741 1725 754 1743 ‚
778 1701 861 1736 aut
883 1683 1052 1758 rigidae
1077 1682 1213 1735 citius
1242 1680 1420 1754 fastigia
1443 1685 1599 1750 jactet

561 1762 800 1815 Scandere
820 1759 1027 1813 virtutis.
1056 1761 1225 1811 Duros
1247 1754 1361 1809 hinc
1383 1756 1563 1830 fingere
1583 1777 1773 1820 mores,

558 1836 692 1903 Hinc
718 1836 827 1889 licet
856 1833 1025 1888 officiis
1056 1832 1250 1886 urbanae
1276 1831 1532 1885 assuescere
1555 1835 1688 1887 vitae:

561 1912 700 1966 Hinc
728 1912 893 1985 legum
914 1910 1036 1982 quid
1058 1916 1165 1983 jura
1193 1906 1367 1971 veiint,
1394 1927 1501 1980 quae
1524 1929 1633 1962 cura
1661 1909 1851 1963 tuenda:

561 1989 635 2041 Sit
660 1988 844 2058 patriae,
875 1986 993 2058 quid
1021 1986 1146 2037 casta
1170 1983 1317 2044 fides,
1346 1984 1463 2056 quid
1486 1982 1642 2038 saneta
1666 2004 1919 2057 parentum

557 2063 768 2137 Relligio
789 2104 806 2124 ,
834 2061 1147 2135 sanguisque,
1173 2062 1226 2110 &
1255 2077 1424 2133 regum
1449 2061 1601 2131 gratia
1631 2063 1819 2134 poscat,

558 2143 726 2212 Atque
756 2136 971 2210 palatinae
1000 2152 1129 2208 patet
1156 2154 1326 2207 anceps
1355 2134 1450 2187 alea
1477 2136 1624 2190 sortis

555 2215 725 2272 Tum,
753 2213 1004 2285 vanosque
1027 2228 1185 2264 metus
1205 2229 1432 2285 purgare,
1456 2212 1771 2283 modumque
1797 2210 1957 2265 dolori

556 2292 751 2344 Ponere
777 2315 796 2349 ‚·
821 2305 931 2342 tum
960 2287 1085 2340 fictis
1109 2286 1331 2339 animum
1363 2301 1548 2338 tentare
1581 2286 1763 2358 periclis

554 2367 647 2419 Per
668 2365 844 2418 ludum
861 2403 875 2423 ‚
903 2362 1051 2436 inque
1076 2380 1252 2416 omnes
1282 2362 1371 2414 fati
1398 2361 1566 2414 durare
1592 2361 1821 2433 procellas

553 2439 796 2494 Discimus
818 2438 1072 2512 exemplis,
1099 2443 1154 2492 δε
1182 2437 1334 2491 vitam
1352 2437 1629 2508 impendere
1651 2437 1808 2492 famae.

620 2514 786 2586 Qid,
811 2534 962 2588 quam
982 2513 1136 2568 multa
1161 2516 1251 2565 tuis
1273 2512 1419 2565 debet
1442 2512 1538 2578 jam
1564 2513 1716 2567 Gallia
1737 2513 1896 2575 curi3,'

552 2590 820 2666 Expediam
849 2594 862 2640 ?
886 2607 1025 2645 tanto
1053 2605 1294 2664 quantum
1318 2590 1365 2641 se
1386 2591 1538 2661 jaetat
1563 2589 1795 2652 alumn0‚
