2133 3209
521 222 600 272 116
963 218 1312 271 CAROLI
1375 218 1615 273 RVAEI

526 300 778 359 Cesfissent
798 302 989 377 reliquae
1009 330 1028 365 ,-
1049 321 1138 356 nec
1159 343 1176 365 ,
1202 318 1372 375 praeter
1393 304 1491 356 fata
1511 303 1696 356 feroces
1721 340 1738 365 ‚

524 379 794 453 Indignum
818 398 943 433 certa
967 397 1152 432 nomen
1174 379 1260 431 sibi
1288 379 1422 433 clade
1441 378 1693 451 parassent.

527 461 602 508 At
627 455 797 526 procul
818 459 999 529 ejectos
1026 454 1155 509 vallis
1176 454 1495 508 Furnensibus
1526 452 1683 506 hostes
1706 492 1720 512 ‚

526 535 593 584 Et
615 531 801 584 domita
826 531 971 585 video
998 530 1180 583 fractos
1205 531 1430 584 excedere
1452 536 1618 604 Berga.

529 605 836 679 Tornacique
857 625 982 659 arces
1005 647 1018 666 ,
1048 603 1296 680 Mufisque
1321 607 1473 661 dicata
1495 605 1658 660 Duaci

528 684 724 734 Moenia
745 723 759 745 ,
790 685 843 734 ὃ(
874 682 1082 757 antiquis
1105 686 1403 737 Curtracum
1427 680 1590 735 nobile
1615 681 1745 735 bellis
1768 722 1783 745 ,

529 756 824 810 Aldcnaram
840 798 852 816 ,
877 758 1114 834 cultaeque
1135 777 1278 831 caput
1303 758 1508 832 regionis
1535 757 1785 819 Alostum‚

528 832 835 886 Borbonium
860 836 1026 887 everfis
1055 836 1294 889 victorem
1318 835 1570 889 admittere
1598 835 1765 908 portiS.

527 909 725 981 Insuper
746 912 799 960 &
824 908 958 964 vieto
980 911 1228 980 captivum
1252 911 1456 964 flumine
1479 910 1636 964 Lisam
1653 952 1667 973 ,

527 986 933 1057 Moerentemque
960 985 1127 1040 Sabim
1149 985 1499 1059 nequicquam,
1526 986 1800 1056 injectaque
1830 977 1986 1036 Scaldi

527 1059 762 1119 Vincula,
789 1062 1138 1135 perruptosque
1164 1061 1418 1120 aditu3‚&
1445 1061 1493 1113 in
1514 1061 1684 1115 intima
1709 1061 1844 1112 faCto

524 1135 731 1197 Limite,
751 1136 925 1191 divisos
947 1156 1082 1193 nova
1101 1155 1182 1211 per
1202 1137 1473 1191 discrimina
1500 1136 1676 1211 Belgas,

525 1211 703 1284 Teque
728 1212 851 1265 adeo
869 1212 1022 1265 denos
1050 1213 1129 1267 vix
1155 1213 1474 1287 expugnanda
1493 1232 1576 1285 per
1602 1231 1756 1266 annos
1784 1210 1803 1274 J

523 1286 635 1339 Ilios
663 1306 718 1340 ut
743 1288 996 1360 quondam
1017 1289 1243 1359 superum
1268 1288 1408 1341 labor
1440 1309 1449 1336 ε
1477 1288 1661 1342 acribus
1693 1289 1822 1341 intus

523 1366 661 1415 Foeta
687 1362 794 1417 viris
824 1362 997 1433 pariter
1019 1405 1034 1426 ‚
1053 1363 1288 1438 largoque
1312 1363 1524 1417 interrita
1545 1366 1711 1417 cinctu

522 1438 678 1491 Insula
705 1458 714 1484 t
745 1456 790 1491 te
814 1438 1026 1492 decimus
1047 1439 1362 1492 transmissam
1386 1439 1435 1490 in
1460 1440 1636 1493 Gallica
1663 1438 1787 1493 vidit

523 1516 641 1572 Jura
663 1515 761 1567 dies
780 1556 793 1577 ,
820 1516 872 1564 ὃς
904 1513 1040 1585 plura
1063 1518 1232 1589 ingens
1253 1514 1329 1568 hic
1355 1515 1566 1586 praestitit
1589 1515 1726 1567 heros
1747 1555 1764 1577 ,

524 1590 691 1658 Qam
715 1590 880 1662 potuit
904 1589 1084 1659 junctis
1103 1589 1332 1664 affingere
1355 1589 1514 1643 fabula
1535 1587 1695 1645 Divis.

591 1667 712 1718 Haec
733 1683 895 1719 rerum
920 1665 1055 1718 series
1081 1708 1095 1730 ‚
1120 1667 1337 1739 nullique
1373 1683 1537 1737 parata
1562 1666 1782 1738 priorum

521 1737 688 1793 Gloria
713 1782 731 1802 ,
758 1758 848 1793 nec
871 1739 982 1793 seris
1001 1741 1237 1815 aequanda
1261 1740 1521 1815 nepotibus
1543 1742 1661 1795 olim
1692 1761 1702 1787 τ

520 1814 830 1870 Indomitum
855 1815 1084 1870 Flandros
1104 1836 1256 1891 genus
1283 1856 1296 1875 ‚
1324 1821 1378 1869 ὃς
1399 1816 1657 1871 firmiffima
1684 1812 1890 1869 claustris

521 1889 717 1961 Oppida
751 1933 767 1952 ,
802 1911 910 1964 quae
940 1910 1029 1945 nec
1057 1912 1214 1966 opum
1237 1892 1305 1947 vis
1345 1912 1527 1967 magna
1560 1934 1574 1954 ,
1601 1908 1869 1965 operumve
1897 1928 1909 1947 ‚
1934 1886 2028 1941 du-

722 1985 899 2022 cumve
927 2006 942 2026 ,

517 2041 628 2093 Nec
652 2040 819 2112 proavi
849 2042 1085 2097 domuere
1116 2085 1130 2106 ‚
1152 2061 1241 2097 nec
1269 2042 1419 2098 excita
1446 2043 1624 2097 finibus
1647 2041 1809 2095 omnis

517 2115 668 2169 Gallia
695 2116 851 2171 adhuc
877 2159 890 2177 ‚
919 2138 1023 2172 non
1050 2119 1179 2173 mille
1205 2136 1325 2173 rates
1350 2160 1363 2178 ,
1387 2140 1490 2172 non
1518 2119 1646 2173 mille
1666 2117 1833 2171 carinae
1853 2141 1872 2177 ,-

515 2193 731 2245 Fraenare
751 2193 956 2264 imperiis
984 2237 998 2258 ‚
1027 2193 1267 2269 armisque
1291 2212 1528 2268 metuque
1555 2194 1752 2247 subacta

514 2268 753 2340 Praecipiti
776 2269 838 2321 ad
861 2286 1039 2324 nutum
1063 2269 1148 2322 fibi
1169 2271 1303 2341 poffe
1322 2270 1583 2344 adjungere
1609 2268 1736 2321 bello
1760 2289 1777 2318 .·

514 2344 697 2396 Herois
721 2342 862 2397 labor
891 2344 968 2399 ille
996 2344 1104 2398 fuit.
1136 2345 1232 2400 Sed
1262 2365 1350 2398 nec
1372 2346 1489 2399 mihi
1513 2349 1694 2399 cuncta

512 2420 598 2469 Fas
619 2437 786 2472 canere
805 2460 819 2479 ‚
848 2440 935 2476 aut
961 2421 1151 2475 meritas
1180 2440 1436 2494 procerum
1469 2423 1722 2476 decurrere
1742 2418 1908 2473 laudes
1929 2462 1945 2485 ‚

514 2494 728 2547 Grandia
755 2514 842 2548 nec
872 2497 1081 2551 modulis
1103 2517 1293 2571 aequare
1313 2497 1584 2570 jacentibus
1604 2497 1728 2550 ausa.

582 2571 718 2624 Nam
741 2572 859 2645 quid
889 2591 980 2650 ego
1002 2574 1241 2650 egregiam
1265 2575 1499 2631 virtutem
1526 2577 1579 2626 &
1606 2572 1752 2648 digna
1781 2570 1985 2645 Philippi
