2133 3209
573 228 632 276 96
976 217 1335 269 CAROLI
1406 215 1646 266 RUAE1

963 359 1002 425 S
1047 355 1105 421 C
1151 352 1202 423 E
1260 353 1329 421 N
1372 352 1439 421 A
1529 353 1564 420 I
1590 353 1674 421 V·

575 471 1174 565 ASTYAG.CYRVS,
1195 500 1679 564 MANDANA,
1703 499 1960 554 PALM.
1978 505 2084 559 &a

1138 638 1532 680 PALMYRA.

736 750 790 800 H
816 764 824 799 ε
846 746 985 800 finite
1003 745 1197 800 latebris
1212 746 1437 802 immori!
1459 751 1565 824 Cyr.
1596 749 1670 798 En
1688 743 1865 797 iterum
1887 760 1996 796 mea
2020 761 2085 806 es,

743 827 908 876 Meam
928 824 1098 896 recepi.
1142 827 1281 901 Asty.
1312 821 1546 879 Coclites,
1582 824 1788 876 vestram
1805 821 1980 874 fidem!

576 898 829 950 Mandana
849 898 965 951 fallis
986 903 1010 950 ,P
1040 904 1121 955 M
1123 903 1229 953 and
1267 900 1341 953 Sic
1358 898 1500 970 patris
1518 897 1649 971 cogit
1671 896 1805 974 saliis,

579 979 687 1047 Cyr-
718 974 846 1047 Qis
871 994 960 1026 nos
985 973 1177 1027 diremit
1192 973 1380 1027 hostis?
1396 979 1473 1026 En
1498 978 1696 1044 Cyrum
1716 972 1902 1043 aspiciS,

576 1051 644 1100 Et
667 1049 844 1123 refugis
863 1055 887 1102 ?
905 1051 1068 1105 Palm.
1093 1052 1311 1103 Hostem
1333 1048 1472 1123 fugio
1487 1091 1501 1112 ‚
1527 1051 1801 1123 genitorem
1828 1066 1960 1121 peto,

576 1120 685 1175 Ubi
706 1125 770 1176 est
785 1132 810 1178 ,P
828 1126 913 1179 ubi
929 1125 1005 1178 ille
1027 1131 1051 1178 2⁹
1072 1126 1255 1180 lumina
1274 1124 1505 1187 intendo,
1536 1141 1723 1197 patrem

573 1200 698 1251 Non
723 1201 886 1254 video.
916 1202 1127 1255 Genitor
1145 1202 1347 1260 occidit,
1373 1217 1560 1254 certum
1584 1201 1676 1263 est,
1695 1198 1832 1271 perit.

578 1279 624 1329 C
619 1293 694 1349 yr.
716 1277 855 1346 Qid
879 1278 1033 1330 audio
1054 1284 1079 1331 ,Ρ
1099 1277 1203 1350 quis
1223 1277 1362 1331 ausus
1384 1275 1590 1330 altorem
1617 1275 1772 1347 impio

576 1350 778 1403 Violare
805 1353 934 1406 ferro
955 1358 981 1406 ‚P
1003 1367 1159 1406 mater
1179 1358 1194 1402 Ξ
1225 1356 1461 1426 Astyages
1486 1357 1499 1401 ?
1523 1353 1699 1411 micat,

577 1427 782 1499 Ignescit
801 1428 949 1481 oculis
971 1428 1149 1482 sceleris
1169 1428 1402 1500 interpres
1426 1428 1579 1482 furor.

574 1502 765 1560 Video,
792 1522 1068 1576 peremptus
1089 1504 1227 1558 altor.
1264 1504 1364 1559 Ubi
1386 1504 1503 1556 faeti
1525 1503 1718 1557 artifex?

575 1575 682 1629 Ubi
706 1583 882 1631 auctor
914 1584 939 1631 ,Ρ
961 1583 1105 1658 Asty.
1137 1581 1341 1634 Adsum.
1363 1587 1477 1657 Cyr.
1496 1584 1655 1640 Dure,
1671 1580 1732 1633 sic
1758 1578 1917 1634 victus
1934 1580 2088 1636 furis?

573 1655 721 1726 Asty.
749 1658 815 1709 Et
839 1655 1048 1710 vinetus.
1081 1663 1125 1711 C
1110 1677 1194 1734 yr.
1216 1661 1282 1709 Et
1297 1676 1403 1728 quae
1426 1656 1561 1709 causa
1578 1698 1592 1719 ‚
1614 1656 1719 1729 quis
1745 1656 1860 1708 faeti
1884 1659 2083 1720 modus„

573 1731 739 1779 Locus
753 1769 770 1788 ,
789 1729 1003 1783 minister
1022 1737 1048 1786 ,Ρ
1068 1734 1212 1809 Asty.
1240 1732 1509 1786 Arsamum
1530 1731 1663 1786 hunc
1683 1734 1915 1787 reducem
1941 1734 2084 1795 vide,

573 1806 638 1855 Et
668 1805 999 1860 contremisce.

1006 1955 1044 2022 S
1086 1953 1142 2021 C
1183 1949 1235 2020 E
1276 1954 1347 2023 N
1391 1953 1456 2021 A
1562 1956 1643 2024 V·

572 2093 1014 2163 MSTYAGES,
1048 2102 1311 2163 CYRVs,
1333 2104 1627 2158 MAND.
1659 2105 1905 2159 PALM
1917 2105 2086 2164 YRA,

701 2249 1112 2320 MEGAPASKS
1133 2287 1148 2310 ‚
1184 2252 1456 2310 ARIBAS,
1493 2253 1827 2311 ARSAMVs‚
1854 2266 1956 2310 &a

1176 2374 1211 2414 C
1241 2375 1278 2414 Y
1310 2373 1348 2413 R
1377 2375 1410 2413 U
1439 2374 1478 2414 S.

1085 2479 1225 2540 Vile,
1252 2478 1534 2553 despectum
1561 2489 1737 2554 caput!

570 2554 709 2633 Qd
725 2570 778 2609 tu
792 2593 807 2616 ,
825 2556 955 2629 nnde
982 2575 1209 2634 properae
1227 2561 1252 2629 ,ἒ
1269 2559 1398 2632 Avss
1410 2559 1552 2635 Regis
1570 2557 1597 2613 ὲ
1615 2557 1769 2630 casttis
1791 2555 2080 2711 ιἐἀιυςῖσγρἸ
