2133 3209
567 200 624 252 28
955 195 1331 251 GAROLl
1405 196 1647 250 RUAEI

561 288 730 345 Palm.
758 284 1005 349 Exhibeo,
1032 285 1225 361 genitor
1248 300 1259 332 t
1282 284 1405 336 istud
1434 282 1724 359 obsequium
1750 283 1846 344 est,
1875 290 2015 337 amc:

562 365 638 418 Sic
652 364 890 437 imperasti
913 383 922 410 :
948 363 1009 414 fic
1029 361 1149 433 patri
1167 373 1278 413 nata
1299 358 1561 432 obsequor.

559 443 721 519 Harp.
746 440 823 495 Sic
847 438 1106 509 imperavi,
1138 436 1285 507 justus
1304 434 1353 488 in
1372 442 1565 509 Cyrum
1595 436 1660 487 est
1679 451 1838 490 amor.

561 520 743 569 Amare
765 527 1010 567 amantem
1033 528 1178 587 perge
1202 528 1212 560 ἐ
1237 512 1345 571 sed,
1372 512 1448 567 vel
1468 512 1553 576 stc,
1576 512 1706 588 fuge.

563 596 683 645 Hoc
706 591 876 664 pignus
896 604 1050 642 unum
1073 628 1085 652 ‚-
1113 588 1349 662 specimen
1367 588 1415 641 id
1437 589 1643 650 amoris,
1667 588 1782 661 fuga
1804 588 1889 641 est.'

563 668 729 720 Palm.
759 670 875 719 Hoc
894 665 968 718 ille
987 665 1157 738 pignus
1184 665 1356 736 repetit
1381 670 1393 713 ?
1418 667 1580 743 Harp.
1602 666 1769 718 Invito
1786 662 1934 715 dabis.

562 742 732 795 Palm.
753 745 875 794 Non
897 742 957 794 sic
978 741 1127 793 amari
1148 741 1192 792 se
1212 741 1340 796 velit.
1367 744 1535 817 Harp.
1563 739 1748 794 Nolens
1771 739 1906 790 feret.
1981 784 1987 791 .

562 818 731 873 Palm.
747 820 900 874 Feret,
924 821 977 868 &
1002 816 1329 870 amabit2n0n
1341 820 1513 889 potest.
1535 816 1703 895 Harp.
1724 821 1860 867 Amo
1876 812 2067 872 &ferm

562 893 729 948 Palm.
753 895 1011 965 Cyrumne
1026 897 1038 941 ?
1056 892 1226 947 mene?
1251 896 1416 973 Harp.
1440 891 1727 966 Utrumque
1739 931 1754 951 ,
1769 891 1850 943 sed
1869 889 2065 946 laudem

677 969 826 1043 magis

560 1045 730 1099 Palm.
762 1043 865 1096 Ubi
895 1042 969 1095 illa
996 1042 1094 1095 laus
1114 1039 1239 1095 .?ubi
1264 1040 1337 1095 illa
1360 1057 1461 1096 vtam
1485 1043 1602 1097 dure
1626 1042 1886 1114 imperans,

563 1122 688 1171 Tam
710 1120 861 1193 rigida
877 1121 1025 1174 virtus
1047 1124 1070 1170 ,Ρ
1091 1118 1246 1170 fallere
1264 1117 1545 1172 obstrietam
1567 1119 1716 1173 fidem
1735 1158 1748 1177 ‚

562 1192 790 1248 Inhibere
816 1196 1040 1249 sanetum
1064 1194 1226 1247 foedus
1251 1214 1260 1241 :
1281 1192 1406 1248 hanc
1426 1194 1622 1248 laudem
1642 1193 1881 1247 aestimas?

563 1270 658 1322 Scis
676 1268 768 1342 ipse
796 1291 806 1318 :
830 1286 932 1323 non
957 1262 1052 1322 hoc
1070 1270 1241 1340 sponte
1264 1270 1472 1341 suscepta
1494 1272 1558 1323 est
1579 1271 1713 1332 finu,

559 1346 669 1397 Nec
687 1346 833 1399 tacita
855 1345 1003 1400 crevit
1027 1346 1255 1397 flamma:
1280 1364 1383 1397 non
1409 1347 1526 1398 fietu
1543 1346 1691 1399 institi

559 1419 637 1472 Ut
662 1437 826 1473 amare
847 1423 1015 1474 fineres
1031 1461 1045 1482 ‚
1077 1437 1180 1471 non
1215 1419 1264 1472 id
1289 1421 1461 1473 extorsi
1482 1438 1634 1494 prece.

557 1496 646 1547 Per
672 1512 717 1547 te
738 1497 845 1548 arfit
868 1496 940 1550 ille
959 1495 1168 1570 quisquis
1191 1497 1285 1557 est,
1306 1514 1388 1567 per
1408 1512 1456 1548 te
1480 1495 1658 1549 offibus

557 1572 800 1624 Accensus
824 1572 959 1645 ignis.
997 1576 1078 1623 Tu
1103 1572 1258 1625 modo
1280 1571 1426 1624 infixa
1444 1571 1580 1624 altius

555 1646 805 1699 Revellere
827 1649 993 1701 animo
1014 1645 1106 1698 tela
1120 1685 1132 1703 ,
1160 1662 1212 1698 tu
1240 1647 1457 1700 accensos
1477 1647 1636 1718 palam

555 1722 852 1795 Extinguere
876 1723 1030 1797 ignes,
1055 1722 1223 1794 fugere
1243 1737 1299 1774 tu
1324 1723 1545 1775 miseram
1570 1721 1744 1791 jubes?

557 1800 682 1874 Q10
699 1799 863 1870 fugere
881 1816 1027 1869 porro
1053 1801 1077 1849 ?
1097 1815 1246 1869 quem
1270 1797 1397 1870 fugae
1419 1802 1673 1851 auetorem
1687 1837 1699 1855 ‚
1722 1795 1986 1855 arbitrum,

555 1873 751 1924 Ducem
771 1872 932 1934 dabis,
961 1870 1288 1926 comitemv'e?
1311 1871 1466 1950 Harp
1509 1873 1759 1925 Mandana
1779 1873 1974 1931 arbitra,

555 1950 770 1999 Fortuna
789 1948 914 2007 dux,
942 1951 1080 2002 Deus
1099 1950 1303 2006 auetor,
1329 1951 1382 1999 &
1407 1948 1560 2002 virtus
1578 1967 1761 2002 comes.

551 2022 716 2076 Palm.
755 2026 838 2076 De
856 2038 903 2076 te
925 2022 1058 2075 siles?
1076 2040 1179 2074 non
1199 2022 1349 2075 aderis
1366 2029 1391 2076 ,Ρ
1415 2042 1506 2098 ego
1524 2024 1619 2077 sola
1636 2024 1805 2078 exulo?

554 2099 805 2150 Horresco
833 2115 1070 2171 reputans.
1118 2101 1189 2149 Te
1211 2098 1332 2157 fine,
1362 2118 1425 2150 an
1451 2116 1620 2153 tecum
1642 2101 1814 2154 ibimus
1831 2107 1858 2154 ἓ

553 2175 717 2250 Harp.
741 2179 873 2246 Fuge
893 2179 945 2225 &
971 2173 1098 2228 vale:
1125 2172 1310 2232 secura,
1332 2173 1450 2246 quid
1470 2175 1595 2245 patri
1620 2176 1827 2252 ingruat.

547 2248 714 2301 Palm.
734 2250 867 2318 Qid
890 2249 1081 2322 ingruat
1102 2263 1111 2298 t
1135 2248 1254 2318 quid
1274 2267 1413 2323 erge,
1427 2250 1549 2321 quid
1567 2255 1693 2322 patri
1716 2250 1935 2326 ingruit?

550 2324 790 2391 'Sponsum
814 2324 1040 2378 dolebam
1058 2322 1250 2386 misera,
1277 2323 1479 2395 disperiit
1501 2343 1656 2397 pater.-

546 2399 781 2526 Nuncgst
803 2401 1086 2455 dolendum.
1109 2403 1274 2481 Harp·
1302 2403 1387 2454 Ne
1406 2400 1529 2456 dole.
1552 2403 1717 2458 Palm.
1742 2403 1863 2454 Hoc
1883 2404 2049 2477 Cyrus

651 2479 695 2544 ji²
746 2482 826 2528 et?

543 2549 611 2604 H
609 2566 713 2630 arp.
728 2554 847 2605 Non
862 2553 925 2607 ‘fic
934 2550 1087 2626 jubet·
1101 2552 1265 2611 Palm.
1283 2556 1361 2610 Sic
1373 2551 1578 2627 patitur?
1594 2556 1842 2630 utrimque
1857 2552 2049 2626 impiusj

1871 2634 2044 2707 &aree
