2133 3209
506 194 586 250 *So*
842 200 1624 253 -‘⁴CAROL1RUAEI

510 285 590 340 Sic
613 303 658 340 te
679 287 944 360 experitur,
978 288 1038 341 sic
1063 287 1134 341 tui
1159 287 1374 358 explorat
1400 289 1548 342 fidem

509 362 780 436 Obsequii.
802 364 956 416 amori
973 384 1089 417 mox
1110 366 1162 414 δε
1187 363 1423 415 assensum
1452 364 1605 417 dabit.

506 440 723 498 Accede,
752 439 875 523 pacis
897 439 1101 492 indicem
1120 437 1214 491 huc
1238 439 1454 491 dextram
1479 440 1713 498 admove,

508 517 609 569 Avi
630 535 810 590 require
836 515 1097 568 dexteram.
1121 518 1282 590 ‹ylsty
1304 514 1565 568 Hucillam
1590 514 1762 569 inferat

504 594 643 662 Popu
633 591 843 643 lorum
833 589 995 663 iniqua
1019 594 1168 664 strage
1190 589 1441 643 stillantem
1470 610 1703 655 manum,

502 665 694 718 Nostris
720 665 974 740 superbam
1003 666 1238 725 cladibus,
1269 667 1439 719 nostris
1462 685 1658 740 gravem

503 742 872 815 Tumidamque
895 742 1074 814 spoliis,
1097 744 1284 795 foedere
1311 741 1575 794 infamem
1565 741 1730 813 impio.
1767 755 1770 758 ’

500 821 579 869 Ha
588 837 673 870 nc
662 837 834 891 apage,
869 820 1025 871 donec
1056 819 1265 893 Harpagi
1297 818 1503 871 abluerit
1532 836 1689 871 cruor.

501 896 616 946 Hac
634 901 696 945 1111
699 894 714 945 1
686 892 974 945 {calentem
1003 895 1133 946 caede
1157 894 1420 946 abominor
1445 913 1667 946 manum.

499 974 544 1020 C
540 990 609 1043 yr
630 970 708 1022 Sic
722 968 795 1020 ille
807 968 1047 1040 placidus?
1075 970 1272 1024 Mand.
1288 969 1460 1040 Ecquis
1478 967 1603 1021 hanc
1618 969 1804 1021 fruetus
1819 983 2007 1030 necem,

497 1045 624 1115 Qis
649 1045 810 1097 honor
833 1046 1089 1117 sequetur
1081 1048 1095 1079 ³
1118 1048 1261 1119 Asty.
1286 1047 1496 1098 Carcere
1518 1059 1825 1126 exemptus&
1794 1060 1953 1097 Gfener.

498 1124 568 1172 C
547 1140 569 1182 3
574 1141 667 1172 rus
697 1120 799 1173 Alia
823 1121 1083 1174 eximendo
1101 1123 1272 1179 restat,
1298 1122 1351 1171 &
1372 1119 1567 1172 brevior
1587 1139 1674 1172 via.

493 1197 640 1271 Asty
673 1200 786 1272 Age
805 1216 946 1271 ergo,
978 1199 1199 1249 nostrum
1216 1196 1382 1249 fodere
1402 1195 1521 1268 quid
1541 1195 1685 1247 cessas
1711 1193 1859 1246 latus.
1851 1198 1874 1233 2

495 1273 621 1321 Haec
644 1270 852 1326 brevior.
854 1241 1081 1327 x'Mamil
1109 1271 1309 1345 Ergone
1337 1271 1500 1333 efferi,
1530 1268 1788 1323 intraCtabi
1793 1269 1884 1328 les,

494 1344 570 1396 Sic
591 1347 721 1416 pulsa
744 1348 920 1418 pietas.
914 1352 936 1387 Ρ
958 1347 1018 1399 fic
1040 1365 1172 1399 retro
1177 1315 1247 1398 ὃὸ(
1271 1347 1367 1404 fas,
1393 1354 1447 1401 δε
1469 1346 1655 1418 pudor,

490 1418 674 1474 Abiere
708 1439 721 1475 ?
757 1428 886 1475 Nam
913 1423 1030 1492 quid
1060 1421 1310 1476 tundimus
1336 1424 1454 1474 fletu
1481 1422 1661 1492 asperas

490 1500 697 1557 CauteS,
724 1501 776 1548 ὅτ.
809 1497 978 1551 humili
1007 1499 1222 1551 monstra
1243 1514 1487 1550 tentamus
1514 1515 1685 1568 prece,

491 1572 781 1644 Despectae,
805 1573 980 1625 inertes
1005 1579 1028 1626 ἒ
1053 1575 1231 1647 Agite,
1261 1573 1294 1625 si
1319 1574 1507 1648 sanguis
1538 1571 1717 1644 placet·
1706 1609 1720 1633 ,

492 1646 539 1698 Si
563 1649 823 1717 pertinaces
846 1665 982 1702 tanta
1001 1649 1279 1701 facinorum
1307 1650 1499 1722 impulit

491 1723 704 1776 Animos
731 1724 911 1777 libido
932 1725 1123 1799 gravius
1151 1725 1429 1778 audendum
1457 1728 1522 1779 est
1547 1724 1704 1782 nefas,

490 1799 658 1869 Qm
679 1803 814 1873 quod
834 1800 1020 1871 paratis.
1064 1805 1148 1854 Ne
1174 1820 1279 1853 ruas
1299 1801 1346 1852 in
1373 1821 1521 1855 avum
1538 1819 1749 1875 ,nepo-s:

488 1876 568 1925 En
596 1893 750 1928 mater
775 1877 957 1931 adsum.
1006 1880 1084 1928 Ne
1101 1895 1230 1947 petas
1252 1895 1518 1950 generum,
1544 1877 1702 1928 socer:

487 1950 564 1999 En
587 1969 744 2023 gnata.
779 1955 946 2005 Cruor
969 1951 1064 2004 hoc
1082 1953 1294 2004 sanctior
1314 1952 1468 2006 fervet
1492 1952 1620 2005 sinu:

492 2025 648 2077 Hunc
668 2043 720 2080 tu
743 2026 910 2080 dedisti
931 2029 1152 2102 genitor·
1178 2026 1368 2081 hausisti
1392 2027 1521 2081 hunc
1544 2047 1689 2100 puer,

491 2101 543 2150 O
571 2118 712 2154 nate:
741 2071 988 2174 utrimque
1014 2106 1165 2157 vester
1182 2105 1282 2154 est:
1313 2105 1524 2157 vestrum
1548 2124 1680 2157 oeius

489 2176 707 2248 Exigite,
729 2197 906 2231 caecam
931 2177 1098 2231 melius
1119 2176 1324 2248 explebit
1347 2178 1488 2230 sitim.

489 2254 634 2327 Asty.
668 2255 805 2306 Huic
829 2269 878 2305 te
901 2253 1150 2326 relinquo,
1177 2254 1361 2325 spectat
1384 2252 1479 2306 hoc
1501 2251 1635 2305 illum
1656 2255 1827 2312 scelus,

489 2330 684 2380 Faciet
707 2329 921 2413 relinque
945 2350 1026 2382 me
1049 2329 1183 2381 mihi.
1214 2328 1409 2384 Mand.
1435 2326 1682 2385 Abscedit.
1721 2330 1880 2388 Pudet

491 2403 680 2457 Iterum
704 2406 920 2460 moveri.
941 2405 1061 2458 dum
1085 2405 1264 2478 pudet,
1289 2407 1408 2458 fletu
1430 2423 1597 2478 urgeo.

489 2478 565 2533 Te
586 2496 634 2534 te
658 2477 742 2537 ista
765 2480 946 2554 pudeat
964 2482 1109 2554 ferre,
1140 2501 1229 2538 nec
1254 2481 1398 2539 matri
1419 2479 1639 2560 obsequi.
