2133 3209
575 159 1234 210 MiseELLANEA.
1567 183 1652 225 271

143 292 1077 305 mmm-W
1427 293 1620 302 *vv—*⁸*
1632 300 1639 302 .

567 369 682 418 EX
745 366 1221 419 GALLICO.

441 509 736 562 PETRI
813 507 1320 562 CORNELII.

326 651 407 706 Uis
431 668 480 705 te
509 695 522 716 ‚
542 652 668 707 faeta
690 655 831 709 novis
853 651 1190 708 cumulantem
1212 647 1427 726 ingentia
1446 645 1583 703 faustis

327 730 418 784 Per
440 728 619 782 medias
638 727 839 803 hyemes
865 727 980 781 belli
1004 727 1125 799 rapit
1155 727 1298 781 ardor
1325 742 1340 780 Ξ
1374 728 1427 779 δε
1453 723 1560 778 altae

138 806 351 856 Fulmna
392 805 496 878 quis
518 804 673 857 fronti
697 808 834 860 Deus
857 802 1033 858 indidit
1053 843 1066 864 ,
1091 801 1257 857 omnia
1288 800 1398 854 solo

135 877 365 933 Protinus
387 896 442 934 ut
466 896 592 935 nutu
622 881 741 937 dent
768 881 954 936 moenia
977 881 1148 953 sponte
1178 878 1368 932 ruinam
1392 882 1417 930 ἓ

137 954 322 1008 Venisti
344 998 359 1018 ‚
383 959 435 1008 &
464 957 628 1029 positis
656 958 837 1014 circum
867 957 1085 1031 undique
1113 960 1362 1028 Sequanus
1383 951 1523 1006 armis

136 1028 164 1083 J
170 1050 252 1083 ura
276 1030 451 1104 probat
475 1033 671 1106 supplex
696 1078 708 1098 ,
742 1034 906 1087 &lilia
929 1053 1111 1107 pronus
1138 1032 1307 1085 adorat
1331 1051 1342 1079 :

134 1109 408 1181 Longaque
429 1110 633 1181 septenis
653 1112 839 1184 superas
869 1111 1057 1164 emensa
1079 1106 1262 1161 diebus,

136 1186 268 1259 Qae
288 1183 430 1255 spatia
455 1184 583 1239 haud
607 1186 721 1239 alius
751 1206 832 1259 per
856 1186 1024 1239 saecula
1046 1184 1289 1255 compleat
1314 1181 1472 1235 herOS.

132 1259 476 1332 Nequicquarn
496 1262 686 1314 sonitus
708 1266 761 1314 δε
789 1263 956 1334 primae
977 1277 1231 1313 murmura
1250 1258 1391 1310 famae

134 1334 278 1387 Musa
296 1334 421 1388 bibit
444 1378 458 1398 ‚
486 1337 781 1411 grandesque
802 1337 939 1391 avida
958 1337 1040 1407 spe
1062 1334 1272 1407 praecipit
1296 1333 1434 1387 ausus
1461 1373 1476 1392 ‚

134 1413 194 1462 In
216 1409 375 1465 laudes
397 1415 579 1465 arresta
605 1428 712 1466 tuas
739 1433 747 1460 ε
771 1412 852 1466 sed
876 1411 1006 1465 enim
1031 1413 1210 1482 impete
1231 1428 1398 1462 rerum

135 1484 381 1540 Obruitur
405 1525 417 1545 ‚
443 1488 682 1562 tantisque
715 1488 874 1563 stupet
899 1488 1033 1560 spem
1055 1485 1223 1539 cedere
1242 1484 1397 1537 fac'tis.

134 1561 238 1635 Ipse
264 1562 387 1615 adeo
406 1564 650 1618 immensis
670 1562 861 1617 animus
882 1561 1200 1637 progreffihus
1218 1560 1376 1632 impar

133 1636 326 1691 Nititur
345 1638 578 1692 incassum
608 1683 621 1703 ,
656 1644 709 1691 &
735 1641 873 1693 cursu
897 1638 1103 1692 defessus
1129 1635 1336 1690 anhelat.

136 1718 214 1767 Ac
237 1713 445 1787 reliquos
473 1715 692 1787 quamvis
712 1713 799 1767 tibi
820 1716 1014 1768 dudum
1043 1712 1278 1766 addixerit
1305 1710 1494 1775 ειηηοε,Δ

136 1794 311 1843 Haeret
333 1791 633 1862 inexpletum
664 1791 900 1845 admirans
930 1830 943 1848 ,
969 1788 1224 1862 nullusque
1249 1786 1433 1860 stupori

136 1868 221 1919 Est
243 1867 420 1919 modus
445 1886 453 1913 t
486 1870 539 1918 &
567 1866 728 1939 pudor
759 1868 823 1919 est
848 1866 1021 1919 decora
1039 1865 1164 1918 inter
1192 1881 1327 1917 tanta
1348 1862 1479 1916 silere
1504 1901 1518 1921 ‚

136 1946 198 1994 Et
221 1941 419 1995 laudare
442 1941 609 1997 timor.
635 1944 723 1997 Tu
750 1941 848 1998 vati
873 1985 890 2005 ,
921 1940 1127 1995 maxime
1151 1945 1345 2015 Regum
1371 1980 1384 1997 2

134 2016 315 2070 Debita
344 2038 404 2069 ne
426 2017 635 2090 spatium
665 2018 917 2090 quondam
938 2018 986 2070 in
1010 2017 1250 2089 praeconia
1275 2015 1425 2078 desit,

136 2094 357 2172 Longius
379 2093 428 2148 in
450 2093 561 2148 tales
583 2095 786 2168 spatium
815 2093 905 2149 tibi
926 2093 1064 2149 sume
1090 2089 1374 2164 triumphos
1397 2125 1404 2137 .·
