2133 3209
455 235 491 289 ’.ξ
836 220 880 272 C
903 220 944 271 A
967 217 1011 272 R'
1032 216 1079 270 '0
1102 217 1139 270 1]
1161 222 1180 268 1
1262 222 1307 271 R
1327 218 1375 270 U
1399 215 1457 270 'AE
1477 221 1499 268 1

461 311 521 359 In
543 324 777 359 mutuam
808 305 996 356 rediere
1019 301 1296 356 concordes
1330 301 1513 366 fidem,

461 381 622 453 quue
646 383 851 433 interim
877 398 1053 431 cavere
1072 375 1437 449 quodcumque
1461 378 1530 429 est
1549 375 1653 428 doli
1673 391 1688 435 ξ

464 459 589 522 Quo
613 455 756 506 dolus
777 455 937 505 abibit
959 469 972 505 ἓ
999 471 1109 524 quae
1131 449 1252 507 dolo
1285 452 1466 506 Getica
1488 451 1655 508 induit

463 528 698 582 Seleucus
731 548 867 579 arma
882 569 895 589 ‚
913 546 1066 598 quem
1085 524 1247 577 ferent
1273 545 1455 600 pugnas
1480 527 1714 576 exitum.>

467 601 656 676 Cassan.
689 605 872 654 Timor
888 606 1053 652 omnis
1068 598 1194 652 absit
1211 622 1221 651 :
1237 598 1309 650 nil
1324 599 1435 653 leve
1451 618 1538 657 aut
1555 599 1771 650 dubium
1796 591 1968 649 affero,

465 679 652 729 Adhuc
676 681 921 728 Getarum
941 675 1137 744 Pyrrho
1157 715 1171 737 ,
1196 679 1251 726 &
1276 676 1523 730 incertam
1542 677 1687 732 Getis

465 751 635 804 Fidem
660 747 751 801 effe
778 751 987 819 Pyrrhi3
1012 747 1144 800 socia
1160 754 1260 820 jam
1283 746 1424 803 sociis
1445 747 1544 800 scio
1671 810 1675 816 Ι

466 824 701 898 Suspecta
727 827 892 876 castris
916 824 1068 878 castra
1085 864 1098 886 ,
1126 829 1181 876 &
1210 817 1424 879 offensos
1444 822 1638 882 duces„

467 902 702 951 Geticam
720 897 955 952 Seleucus
980 896 1192 970 provide
1216 897 1409 955 vestem
1437 897 1605 949 induit
1624 938 1640 959 ,

468 971 753 1045 Omnisque
776 971 917 1024 cultu
941 972 1154 1023 barbaro
1182 971 1321 1022 hunc
1349 969 1571 1043 sequitur
1595 970 1831 1044 phalanx,

467 1050 551 1100 Sic
573 1046 749 1099 fraude
769 1049 930 1100 virtus
960 1063 1072 1098 tuta
1096 1087 1110 1108 ,
1137 1042 1387 1101 discordes
1414 1047 1556 1101 brevi
1722 1039 1727 1043 “

468 1123 782 1174 Committet
806 1120 971 1175 hostes
992 1121 1214 1171 invicem
1241 1141 1252 1169 ε
1283 1124 1339 1170 δε
1358 1120 1484 1171 victi
1513 1117 1640 1169 dolis

463 1194 815 1267 Tenebrisque
841 1195 976 1264 capti
996 1210 1226 1243 mutuam
1251 1193 1300 1240 in
1321 1191 1536 1265 stragem
1560 1209 1723 1244 ruent.

468 1271 633 1346 Lystm.
663 1267 882 1339 Haccspe
906 1267 1185 1337 triumphas
1208 1287 1219 1316 :
1239 1264 1363 1316 dum
1385 1264 1546 1319 fera&
1571 1264 1696 1318 saeva
1715 1268 1888 1318 omnia

469 1345 648 1416 Superi
668 1345 943 1395 minantur.
1023 1339 1269 1397 Charilns.
1309 1342 1457 1408 Qos
1477 1341 1573 1391 tibi
1595 1338 1795 1412 superos
1821 1339 1974 1396 facis!

469 1416 746 1470 Simulacra
769 1417 875 1469 veri
906 1412 1028 1467 cassa
1045 1456 1058 1477 ,
1077 1433 1188 1487 quae
1219 1413 1442 1464 mendax
1474 1412 1623 1486 sopor

468 1492 654 1543 Tristes
683 1511 770 1563 per
789 1492 991 1542 umbras
1019 1506 1190 1539 mente
1215 1485 1426 1539 sollicita
1447 1491 1669 1552 excitat,

473 1569 605 1638 Qae
628 1585 736 1617 nox
760 1565 849 1617 alit
867 1561 1122 1636 profunda
1142 1603 1156 1624 ‚
1177 1581 1288 1634 quae
1320 1561 1462 1633 pellit
1482 1561 1587 1614 dies
1606 1585 1619 1624 3

472 1644 601 1691 Haec
625 1658 683 1692 tu
706 1636 923 1713 pavescis
945 1639 1117 1689 omina
1139 1652 1152 1688 ἓ
1182 1637 1274 1687 hos
1296 1635 1467 1687 horres
1494 1640 1635 1689 Deos
1662 1651 1676 1689 ἓ

470 1715 637 1790 Lysim.
651 1717 777 1766 Vox
800 1714 907 1764 haec
928 1715 1165 1764 Deorum
1183 1711 1268 1762 est.
1309 1711 1463 1762 Periit
1479 1708 1792 1785 Agathocles
1809 1754 1822 1774 ‚
1851 1717 1981 1784 peris

470 1783 695 1851 Sdeuce,
709 1791 953 1857 Amynta.
974 1784 1170 1863 Cephal.
1186 1787 1310 1836 Non
1323 1784 1500 1855 pedem
1513 1784 1825 1860 Agathocles
1845 1788 1979 1850 tulit3

471 1864 596 1914 Non
622 1861 718 1935 ipse
745 1867 994 1930 Amyntas
1024 1861 1290 1924 urbe,non
1317 1857 1425 1910 aula
1449 1862 1593 1912 exiit.

471 1935 750 1988 Tamcerta
764 1935 1153 1987 somnimonita.
1194 1934 1358 2008 Lystm.
1377 1936 1740 1987 Num'Geticae
1771 1934 1949 1987 dolum

472 2011 637 2061 Vestis
663 2008 1141 2084 Agathocles,urbe
1165 2026 1290 2057 num
1310 2008 1518 2059 fratrem
1544 2009 1704 2061 audiit
1779 2024 1788 2032 ·

472 2083 638 2135 Exiffe
666 2101 679 2138 ?
763 2083 956 2158 Cassan.
996 2084 1174 2133 Fratris
1205 2083 1403 2132 exitum
1422 2083 1615 2152 accepit
1637 2082 1848 2153 quidem
1865 2100 1879 2141 3

475 2160 644 2229 Hujus
667 2176 838 2210 tamen
856 2200 869 2220 ,
896 2175 1050 2229 quem
1071 2156 1303 2206 struimus
1323 2197 1336 2219 ‚
1369 2157 1570 2227 ignarus
1598 2154 1719 2210 doli.

473 2233 644 2306 Lyfim.
686 2235 929 2303 Erumpet
958 2271 971 2291 ,
1003 2231 1172 2280 actum
1199 2227 1267 2278 est
1285 2269 1299 2289 ,
1328 2232 1506 2280 Martis
1527 2227 1708 2282 ardore
1732 2233 1985 2302 impotens

473 2304 769 2377 Avidusque
792 2304 910 2356 belli
928 2304 1122 2376 juvenis
1144 2324 1154 2353 :
1178 2301 1316 2352 haud
1343 2322 1570 2373 unquam
1596 2301 1721 2357 feret

476 2376 753 2433 Commiffa
772 2376 910 2431 fratri
930 2376 1096 2450 praelia
1116 2419 1128 2439 ‚
1153 2375 1250 2447 ipse
1277 2381 1416 2427 annis
1446 2379 1580 2449 prior

475 2453 769 2526 Meritisque
798 2476 808 2504 :
841 2456 1093 2521 Amyntas
1129 2450 1287 2502 aderit
1318 2450 1595 2525 Agathocli
1625 2471 1831 2505 comes:

476 2530 651 2580 Ambo
670 2531 861 2578 irruent
885 2529 937 2578 in
958 2526 1114 2577 castra
1132 2568 1144 2589 ,
1169 2523 1362 2577 furtivo
1388 2530 1584 2599 impetu

477 2604 661 2657 Hostes
690 2599 920 2653 lacessent
937 2643 951 2663 ,
976 2600 1229 2652 occident.
1272 2598 1426 2653 Versa
1452 2602 1520 2652 est
1553 2600 1734 2656 domus
