2133 3209
505 251 545 288 18
932 239 1276 289 CAROLI
1361 236 1629 287 RUAEi

507 322 728 376 Dudum
755 342 870 375 ante
895 343 1026 374 caeca
1045 340 1217 375 mente
1245 339 1557 395 conceptum
1580 321 1766 375 scelus:

506 397 831 470 Vultumque
858 397 1000 448 luctu
1020 396 1186 471 fingis=
1223 394 1414 472 Agath.
1443 399 1518 449 Vt
1534 396 1771 450 miserum
1788 411 1943 466 queat

507 475 732 524 Fortuna
759 471 922 523 facere
948 513 962 534 ,
983 469 1146 523 facere
1174 471 1469 524 sceleratum
1492 474 1690 543 nequit.

507 548 686 623 Lystm.
718 546 852 598 Male
884 548 1101 597 ominari
1127 545 1294 598 desine
1319 590 1333 613 ,
1363 552 1418 600 δε
1443 564 1639 618 patrem
1666 547 1814 599 novis

508 624 673 672 Ferire
698 619 827 672 telis.
857 620 1020 691 Affln.
1047 625 1184 696 Ergo
1206 640 1300 672 nec
1322 623 1473 673 matri
1496 623 1724 694 integros

508 697 753 748 Permitte
774 697 994 768 gemitus
1020 734 1031 751 ‚
1054 698 1339 768 comprime
1365 694 1589 746 infixum
1618 694 1766 748 altius

510 772 704 821 Animo
722 768 960 820 dolorem
981 792 990 820 ε
1018 789 1172 844 perge
1190 813 1203 833 ‚
1220 770 1364 843 quod
1391 767 1634 842 superest,
1662 772 1781 842 jube

508 846 634 895 Nati
658 862 921 895 cruentam
945 843 1185 917 sanguine
1211 863 1267 895 ut
1295 843 1529 895 dextram
1559 841 1751 897 osculer
1767 886 1781 908 ‚

510 920 588 972 Eu·
600 917 1003 970 abominandum
1034 918 1200 970 laurea
1227 922 1432 991 cingam
1457 937 1608 990 caput
1628 960 1642 980 ,

511 996 579 1044 Et
608 992 642 1043 fi
663 992 789 1065 quid
818 990 952 1043 ultra
974 995 1188 1066 gravius
1227 995 1406 1069 Lysim.
1435 994 1520 1044 Ah
1541 991 1700 1064 &quid
1721 1011 1804 1044 me
1822 1006 2032 1044 enecas?

514 1070 640 1117 Hoc
664 1087 744 1118 me
765 1065 881 1117 loco
911 1066 1039 1137 quid
1064 1086 1210 1140 agere
1229 1108 1242 1128 ,
1260 1085 1364 1138 quo
1394 1065 1514 1118 ferri
1542 1069 1681 1137 oupis
1703 1084 1717 1119 ἓ

518 1140 663 1211 Qid
681 1139 839 1212 poscis
862 1141 987 1193 istis?
1031 1142 1196 1212 Assv.
1231 1140 1509 1201 Vindicem
1532 1138 1685 1212 posco
1713 1160 1950 1199 manum«

514 1217 591 1265 En
620 1213 940 1286 proditorem
958 1213 1072 1266 sisto
1095 1237 1105 1267 :
1135 1214 1279 1286 quod
1305 1214 1416 1265 fieri
1441 1214 1587 1266 decet
1614 1257 1627 1280 ‚

516 1288 664 1360 Qid
691 1289 761 1339 est
786 1307 912 1360 opus
940 1304 1179 1340 monere?
1204 1307 1312 1341 vox
1336 1307 1436 1339 una
1462 1290 1569 1339 haec
1587 1286 1723 1342 satis:

515 1364 670 1420 Periit
700 1362 953 1414 Seleucus,
994 1363 1158 1440 Ljstm.
1194 1366 1266 1415 At
1294 1362 1437 1434 quod
1462 1380 1685 1421 erratum
1713 1363 1813 1417 fuit
1834 1406 1848 1427 ‚

517 1440 642 1510 Qio
663 1457 721 1490 tu
739 1436 906 1487 indice
930 1439 1057 1499 ‚aut
1082 1455 1186 1508 quo
1216 1437 1341 1488 teste
1369 1437 1674 1490 meditatum
1704 1440 1916 1512 probas?

519 1513 685 1583 Arsin.
715 1511 849 1564 Mihi
870 1512 1004 1562 testis
1028 1510 1110 1567 ille
1132 1508 1379 1584 prosperis
1412 1511 1607 1572 dudum
1637 1513 1855 1566 insolens

517 1583 869 1657 Tumidusque
902 1586 1048 1636 rebus
1072 1588 1267 1637 animus
1293 1627 1305 1648 ,
1332 1585 1505 1637 alienis
1535 1584 1710 1640 dolens

517 1660 718 1714 Invidia
740 1658 884 1712 factis
902 1702 915 1723 ,
939 1658 1107 1710 aemuli
1132 1660 1268 1711 haud
1292 1662 1488 1731 patiens
1515 1658 1660 1712 furor
1683 1704 1698 1725 ,

517 1736 584 1785 Et
613 1754 787 1787 vetera
808 1732 970 1786 fratris
996 1734 1113 1785 odia
1132 1777 1145 1796 ‚
1176 1734 1412 1805 livorque
1447 1737 1633 1806 impius
1652 1778 1669 1799 ,

518 1811 584 1859 Et
610 1807 872 1861 dividendi
898 1807 1121 1880 suspicax
1143 1812 1287 1883 regni
1311 1815 1481 1862 timor.
1655 1803 1659 1806 >

519 1885 616 1933 His
637 1925 649 1944 ,
680 1885 755 1934 his
782 1884 990 1935 revinco
1017 1884 1238 1936 testibus,
1265 1886 1408 1958 Rege
1431 1883 1624 1934 arbitro

520 1958 791 2009 Summum
825 1956 1035 2009 Seleuco
1064 1959 1241 2008 Martis
1269 1959 1542 2031 imperium
1566 1956 1736 2015 daturz

521 2033 688 2105 Magis
711 2032 830 2083 inde
854 2051 1018 2083 caecus
1040 2030 1204 2084 fratris
1226 2031 1456 2106 aegrescit
1486 2029 1635 2082 dolor
1654 2074 1668 2094 ,

521 2107 706 2156 Timor
730 2105 1046 2181 ingravescit.
1086 2104 1246 2163 Iussus
1272 2104 1459 2157 obseffa
1492 2108 1698 2156 interim

522 2181 730 2233 Servare
755 2178 963 2252 praesens
991 2182 1209 2240 moenia,
1228 2180 1394 2232 inviro
1420 2196 1559 2250 patre

524 2254 632 2305 Sese
654 2254 776 2305 urbe
800 2252 980 2305 furtim
1010 2271 1293 2305 contumax
1320 2256 1480 2304 noctu
1501 2254 1650 2324 eripit
1667 2296 1681 2317 ‚

520 2330 723 2400 Negata
747 2346 910 2379 tentat
933 2328 1096 2400 praelia
1117 2369 1130 2390 ,
1150 2334 1204 2381 &
1231 2330 1439 2399 proprio
1464 2326 1710 2380 aemulum

521 2405 686 2454 Necat
718 2400 826 2452 ense
852 2400 1074 2454 fratrem.
1114 2401 1324 2460 ¹Scilicet
1345 2402 1479 2453 casus
1507 2401 1633 2459 fuit,
1699 2445 1701 2447 .

522 2478 808 2549 Errorque:
832 2495 924 2527 nec
955 2474 1183 2528 consulta
1217 2478 1450 2549 peccavit
1474 2490 1681 2538 manus?

523 2550 584 2601 Id
609 2552 777 2603 credat
797 2549 974 2622 aliquis
993 2595 1005 2615 ‚
1027 2571 1121 2602 nec
1145 2569 1286 2624 pater
1306 2570 1515 2623 poenam
1537 2553 1760 2625 irroget?

524 2623 785 2682 Miseresce
814 2628 919 2677 nati
947 2649 958 2677 ε
991 2626 1023 2679 si
1044 2645 1225 2701 parum
1250 2643 1399 2679 natus
1422 2645 1634 2690 movet3
