2133 3209
593 185 1263 237 MiseELLANEA.
1607 206 1699 249 “7

181 269 358 323 Evehit
384 269 442 322 ad
469 267 610 321 falces
639 269 860 322 certatim
888 272 939 319 ἃ
967 265 1164 340 praeficit
1195 264 1321 318 urbi.

177 345 428 400 Omnibus
455 364 551 398 una
578 361 744 397 tamen
767 344 841 397 lex
867 344 1120 403 imminet,
1144 361 1310 415 aequus
1331 339 1381 392 in
1407 360 1580 397 omnes

172 422 357 493 Jupiter
387 422 590 496 insignes
617 420 723 472 fatis
750 419 962 473 astrinxit
991 423 1045 470 ὃς
1070 418 1223 470 imos:

172 498 284 551 Vna
310 516 486 550 omnes
509 496 634 569 capit
657 499 802 558 urna,
824 515 918 549 una
943 495 1110 548 omnia
1135 493 1342 548 nomina
1366 495 1540 550 versat.

237 573 531 645 Impofitum
553 572 764 646 quisquis
788 571 978 644 trepidis
998 567 1262 626 cervicibus
1282 572 1445 627 ensem

163 648 396 720 Suspicit,
427 655 483 704 &
514 648 648 700 tenui
670 649 886 719 suspensa
905 646 1113 718 pericula
1145 646 1265 709 filo;

159 721 286 777 Non
305 724 369 778 illi
393 724 561 778 Siculae
591 723 777 795 sapiant
803 723 974 797 regalia
998 720 1173 775 mensae

155 801 347 854 Fercula
364 841 377 860 ‚
403 819 490 853 nee
514 799 665 854 veteri
689 798 958 870 spumantia
986 796 1159 870 poeula
1185 798 1377 853 Baccho
1406 820 1414 848 :

154 874 252 928 Sed
275 896 432 950 neque
453 896 559 932 aves
577 875 763 931 levibus
786 874 998 928 numeris
1015 914 1027 932 ‚
1054 892 1212 946 neque
1237 876 1430 950 garrula
1454 876 1611 932 docto

151 950 328 1004 Pollice
356 951 483 1024 pulsa
504 953 648 1012 fides,
668 968 750 1004 aut
775 950 856 1004 fila
880 949 1096 1004 sonantia
1114 949 1302 1021 plectro

150 1027 428 1080 Concilient
446 1029 660 1080 somnos.
687 1026 824 1080 Facili
848 1026 981 1098 plebs
1004 1025 1172 1078 rustica
1199 1026 1377 1081 somno

147 1103 348 1157 Mollius
375 1104 615 1177 indulget·
631 1123 717 1156 nee
740 1103 938 1157 somnus
960 1101 1155 1177 agrestia
1176 1102 1355 1174 spernit

144 1178 404 1237 Culmina,
429 1199 517 1233 nec
547 1178 622 1232 vili
646 1195 874 1232 contexta
899 1177 1071 1232 cubilia
1094 1177 1244 1246 junco
1265 1219 1278 1237 ‚

141 1252 250 1306 Nec
269 1255 387 1327 ripas
414 1254 616 1308 humiles
638 1254 937 1314 fluviorum,
963 1271 1046 1308 aut
1067 1253 1239 1326 frigida
1265 1258 1480 1328 Tempe:

142 1330 343 1401 Semper
369 1330 454 1384 ubi
478 1330 633 1383 flabris
661 1330 777 1384 levis
802 1350 918 1384 aura
937 1329 1220 1404 loquacibus
1255 1330 1459 1397 umbras¹

136 1404 357 1460 Ventilat
377 1407 588 1460 alludens
608 1406 738 1460 foliis
756 1405 865 1459 :ubi
890 1405 1114 1479 limpidus
1145 1407 1288 1459 undae

134 1480 347 1541 Peneus,
366 1486 419 1534 δε
451 1483 538 1535 fufi
568 1481 836 1536 scatebroso
861 1501 886 1534 e
915 1481 1108 1554 pumice
1129 1482 1218 1535 rivi

132 1555 265 1610 Feffa
287 1559 555 1631 soporifero
573 1557 851 1612 demulcent
870 1556 1094 1610 membra
1118 1557 1323 1610 susurro.

198 1635 354 1707 Qod
373 1635 478 1687 satis
508 1637 571 1687 est
596 1652 787 1706 optare,
814 1634 1126 1707 modumque
1160 1633 1413 1704 imponere
1436 1642 1562 1693 Votis

130 1709 235 1786 Qi
262 1711 448 1766 didicit5
475 1730 575 1763 non
597 1711 729 1763 hunc
750 1707 961 1762 trucibus
981 1707 1103 1760 freta
1125 1709 1257 1764 versa
1277 1712 1517 1781 procellis,

127 1785 498 1861 Horrentesque
524 1803 729 1840 movent
756 1784 962 1856 scopulis
984 1803 1087 1837 non
1109 1789 1278 1855 peetus
1310 1785 1471 1840 inanes

122 1858 393 1916 Sollicitant
411 1880 536 1916 curae
563 1881 571 1909 :
594 1863 713 1934 quid
735 1863 803 1917 vis
824 1860 1016 1913 inimica
1042 1861 1252 1913 cadentis

121 1937 324 1990 Aret-uri
348 1955 571 2000 moneat,
607 1938 838 2012 surgentis
864 1936 1148 2007 &impetus
1182 1937 1361 1990 I-Iaedi:

119 2012 261 2086 Qid
286 2013 425 2068 laedat
445 2014 649 2088 segetes,
677 2015 796 2087 quid
818 2028 966 2066 acutae
987 2013 1228 2084 grandinis
1254 2012 1414 2065 imber

115 2085 311 2143 Viribus
330 2088 513 2142 officiat
531 2109 540 2137 τ
558 2110 664 2162 quae
687 2089 896 2142 mendax
917 2088 1062 2140 sidera
1090 2088 1270 2142 fundus

115 2163 323 2236 Culpet‚
344 2184 404 2217 an
437 2165 613 2218 effusos
635 2165 792 2218 alieno
813 2182 1036 2236 tempore
1057 2163 1279 2226 nimbOS,

115 2241 195 2291 An
218 2241 408 2313 rapidos
427 2242 545 2295 soles
565 2284 577 2305 ,
599 2261 658 2293 an
679 2241 858 2314 iniquae
879 2241 1055 2314 frigora
1081 2239 1285 2294 brumae.

177 2316 316 2369 Alter
338 2316 626 2371 inexhaustis
649 2317 823 2390 opibus
847 2317 968 2369 dum
994 2314 1171 2376 fretuS,
1193 2316 1243 2368 in
1267 2313 1418 2369 altum

108 2393 320 2468 Porrigit
339 2393 556 2467 ingentes
578 2392 747 2446 insanis
773 2390 1044 2462 sumptibus
1069 2391 1239 2444 hortos

108 2470 335 2523 Pertaesus
360 2486 607 2526 terrarum.
634 2469 733 2526 Olli
758 2465 1011 2522 numerosa
1036 2466 1228 2520 laborat

31 2554 35 2557 ’
106 2546 273 2599 Noste
292 2545 464 2618 dieque
486 2564 682 2606 manus,
704 2545 858 2602 fervet
876 2543 1043 2601 labor,
1070 2561 1264 2616 aequora
1291 2542 1427 2617 jactis
