2133 3209
465 259 511 298 15
894 238 1236 287 CAROLI
1306 236 1534 284 RUAEI

475 327 671 384 Scelere
697 345 759 377 an
783 322 981 376 fruatur
995 365 1009 385 ,
1026 339 1112 373 aut
1135 323 1246 392 quis
1263 321 1349 370 hic
1361 318 1569 371 tandem
1587 360 1602 382 ,
1621 317 1760 369 haud
1777 317 1957 389 liquet.

473 403 636 474 Lffim.
677 404 769 452 Pei·
793 400 955 472 patria
982 403 1092 468 juro
1117 393 1277 457 sacra,
1299 400 1354 447 &
1378 395 1600 444 immites
1624 397 1767 445 Deos
1796 417 1808 443 ε

472 466 595 528 Tibi
619 518 632 538 ,
658 492 774 525 nate
793 514 806 534 ‚
840 472 1042 523 meritas
1066 472 1272 544 genitor
1295 466 1495 519 inferias
1520 466 1651 518 dabo
1674 487 1693 526 3

472 554 586 603 Nec
612 548 775 600 inulta
793 565 1010 618 proavos
1038 545 1219 596 umbra
1246 541 1333 595 sub
1361 561 1512 594 terras
1538 559 1691 614 petes.

474 623 703 678 Ulciscar
729 639 880 673 atrox
900 617 1094 670 facinus
1114 639 1127 677 ·‚
1149 636 1236 669 aut
1258 617 1362 669 leto
1387 615 1566 667 cadam
1583 657 1597 677 ‚

473 699 777 769 Eodemque
804 693 998 765 reliqua
1020 711 1227 746 corruet
1259 689 1371 743 casu
1399 690 1605 742 domusr

476 773 626 825 Subit
651 768 985 845 Agathocles·

870 900 1365 971 SCENA
1496 894 1583 966 V.

478 1047 1028 1108 LYSJMACHvs,
1057 1012 1394 1099 ACATHO
1405 1047 1461 1098 c.
1498 1042 2013 1100 CASSANDER‚

713 1155 903 1196 CHAR
922 1153 1051 1194 ILv
1069 1154 1100 1192 s
1120 1184 1137 1206 ,
1177 1152 1441 1194 MJLJTE
1457 1155 1489 1192 s
1510 1144 1792 1211 cumspolit'ss

940 1247 1529 1296 LYSIMACHUS.

1093 1363 1368 1416 Vindicem
1400 1363 1553 1436 posco
1579 1380 1811 1416 manuni.¹

485 1442 504 1492 I
524 1485 536 1505 ,
555 1458 723 1514 repete
750 1437 903 1491 castra
920 1480 934 1500 ,
952 1457 1100 1491 nate:
1124 1457 1232 1491 vox
1252 1457 1350 1488 una
1378 1440 1486 1490 haec
1505 1437 1615 1490 satis
1636 1464 1667 1490 :-

485 1519 639 1567 Periit
670 1514 923 1567 Seleucus.
968 1512 1163 1589 Agath.
1205 1511 1378 1565 Altera
1403 1532 1575 1586 erepta
1593 1515 1660 1566 est
1678 1510 1807 1585 fugai

488 1591 601 1640 Pars
625 1589 836 1640 ultionis
866 1590 1085 1657 Pyrrhus
1109 1610 1119 1639 ε
1144 1607 1205 1638 en
1233 1586 1343 1638 sisto
1371 1587 1603 1641 alteram:

490 1666 769 1735 Geticique
795 1662 951 1734 spolia
970 1664 1099 1737 regis
1119 1705 1132 1725 ,
1157 1669 1211 1715 δε
1229 1679 1318 1734 per
1342 1683 1422 1714 me
1442 1664 1670 1716 hostibus

488 1741 674 1809 Erepta
702 1780 715 1799 ,
748 1738 959 1809 pedibus
984 1735 1176 1808 sceptra
1199 1735 1412 1807 subjicio
1438 1757 1595 1810 pater.

490 1814 699 1863 Factum
734 1812 923 1884 proba,
943 1811 1187 1863 mercedis
1207 1811 1310 1861 hoc
1334 1832 1497 1864 unum
1531 1829 1719 1885 expeto
1750 1853 1767 1878 5

492 1885 744 1939 Placuiss'e.
787 1886 952 1962 Ljfim.
983 1887 1103 1958 Spes
1133 1889 1164 1937 ὂ
1194 1884 1295 1935 sola
1315 1888 1538 1960 genitori
1561 1886 1734 1959 super,

491 1963 803 2033 Magnaeque
832 1959 1086 2032 reliquum
1117 1960 1354 2011 columen
1385 1981 1441 2012 ac
1468 1962 1703 2033 splendor
1731 1963 1944 2015 domusz

493 2034 698 2085 Accede
721 2078 734 2098 ‚
760 2053 955 2107 patrem
979 2034 1283 2107 amplectere
1305 2076 1318 2096 ,
1350 2037 1402 2086 in
1429 2039 1603 2107 pectus
1631 2055 1748 2089 rue:

493 2108 617 2158 Inde
638 2111 889 2181 impetum
916 2151 930 2171 ,
964 2107 1245 2182 dignosque
1267 2107 1492 2160 fraterno
1520 2112 1691 2182 accipe

495 2185 618 2232 Fato
643 2181 857 2234 furores.
900 2182 1106 2256 ΛζζιιῑΙθἸ
1127 2184 1202 2232 Ira
1225 2180 1297 2232 nil
1325 2180 1534 2234 stimulis
1556 2203 1670 2258 eget
1691 2207 1702 2236 :
1981 2243 1983 2248 ¹

496 2254 713 2308 Referoi·
738 2259 789 2307 in
810 2256 1034 2307 hostem:
1055 2255 1311 2329 quidquid
1335 2257 1404 2307 est
1430 2260 1598 2308 actum
1629 2298 1642 2321 ,
1682 2259 1792 2312 leve
1812 2259 1912 2309 est:

497 2332 663 2382 Dabit
689 2330 788 2401 ipse
805 2350 981 2403 poenas
1002 2331 1225 2399 Pyrrhus
1251 2373 1265 2393 ‚
1293 2336 1347 2382 &
1371 2332 1561 2383 caedem
1582 2331 1700 2385 luet.

215 2409 476 2480 fia'sojffff'
497 2408 661 2478 Lifim.
690 2406 910 2476 Sequere
937 2403 1175 2479 fugacem
1197 2426 1210 2464 3
1240 2403 1474 2476 sequere:
1500 2414 1553 2460 δε
1577 2411 1626 2458 in
1652 2409 1814 2460 viclos
1840 2408 1941 2459 tuis

244 2465 258 2488 ἕ
499 2472 684 2530 Victor
705 2480 940 2552 trophaeis
973 2498 1130 2531 utere.
1173 2481 1278 2531 Hic
1303 2480 1479 2551 palmae
1503 2483 1727 2534 hosticus

500 2555 609 2603 Erit
640 2554 758 2604 ensis
789 2574 960 2605 omen.
993 2555 1092 2606 Sed
1118 2556 1244 2626 quid
1271 2556 1371 2606 hoc
1395 2571 1409 2608 ἓ
1437 2555 1597 2630 superi
1617 2575 1625 2608 ε
1647 2559 1851 2609 horreO.

562 2647 633 2678 αρε
656 2629 807 2683 video
829 2629 1050 2680 monstra
1077 2645 1089 2682 ἒ
1117 2650 1258 2683 meus
1283 2632 1366 2683 hic
1384 2673 1399 2693 ,
1432 2639 1486 2686 Sc
1504 2652 1591 2705 per
1621 2652 1703 2685 me
1733 2633 1915 2685 ultima
1956 2667 1960 2669 -

1874 2709 2021 2755 Datus
