2133 3209
427 206 706 258 cYRth
775 200 1322 260 TRA‘GOEDJKJ'
1393 211 1408 219 ’“
1568 222 1629 277 sq

123 295 262 367 Qd
281 312 360 347 me
376 293 512 363 jubes
535 299 561 346 ,Ρ
584 312 667 346 cur
692 293 818 346 sorte
840 311 886 346 te
908 295 1135 348 miserum
1159 315 1301 349 vocas
1312 312 1332 354 ,·

125 373 322 425 Virtute
346 368 455 422 felix
472 372 673 447 ?Harp.
706 369 862 432 Nata,
889 390 944 423 ut
969 369 1063 424 hoc
1083 371 1215 424 sensu
1238 372 1419 444 places!

125 447 202 499 Ut
222 466 300 500 me
330 446 414 497 i-ste
434 444 585 497 reficit
600 445 786 498 animus
812 461 820 495 ῑ
844 449 957 499 Hoc
978 447 1206 522 quicquid
1221 448 1286 501 rei
1306 450 1373 501 est

123 522 283 595 Qod
303 519 536 592 loqueris,
564 541 624 574 an
650 539 702 573 tu
728 520 942 592 penitus,
970 542 1029 574 an
1052 542 1295 596 quantum
1312 525 1378 577 est
1396 524 1544 600 capis:

125 596 263 671 Qid
287 595 419 647 sorte
435 598 590 650 virtus
607 599 795 668 praestet
815 600 840 648 ἒ
857 600 1155 652 Immensum
1179 603 1244 654 est
1266 620 1419 660 onus,

122 677 228 726 Nec
250 671 392 723 inane
410 691 593 724 nomen
611 712 624 731 ,
640 671 760 725 velle
784 671 1013 725 virtutem
1036 674 1182 746 sequi·

122 751 245 802 Haec
264 746 356 818 ipsa
371 789 384 810 ‚
403 767 500 821 qua
523 766 601 799 me
619 747 763 800 laude
787 746 973 800 felicem
994 766 1158 819 putas,

120 822 346 877 Revolue
368 840 555 895 quanto
580 823 773 876 steterit.
813 824 1036 877 Excisum
1058 828 1122 878 est
1150 844 1303 901 genus
1316 836 1340 890 j

125 902 342 952 Onerata
366 898 548 951 truncis
567 900 727 952 mensa
743 915 971 953 natorum
999 899 1225 955 artubus:

124 974 252 1029 Silui.
286 972 482 1028 Silerem
504 994 635 1026 nunc
658 993 885 1048 quoque,
915 979 968 1026 ὃς
994 975 1180 1049 plagam
1210 977 1315 1032 finu

120 1054 396 1104 Premerem
417 1048 506 1102 sub
524 1050 622 1102 alto
647 1072 656 1096 ·.
679 1051 848 1102 smeret
869 1050 1052 1121 imperii
1072 1052 1213 1112 salus,

119 1130 337 1198 Fatoque
362 1125 502 1178 nobis
528 1125 767 1178 creditum
791 1126 912 1198 Cyri
936 1144 1093 1198 caput.

120 1205 252 1253 Vera
278 1201 352 1253 illa
374 1201 550 1257 virtus,
577 1201 709 1272 posse
727 1201 894 1253 virtuti
924 1203 1090 1256 omnia

121 1276 378 1345 Subjicere.
427 1275 673 1347 Specimen
690 1275 934 1336 dedimus,
960 1274 1055 1329 hoc
1072 1280 1250 1349 poteris
1273 1278 1441 1353 sequi?

120 1352 286 1406 Palm.
317 1355 445 1426 Qae
468 1371 547 1404 me
570 1350 664 1402 dies
681 1355 705 1402 ‚P
728 1370 834 1423 quae
857 1350 991 1422 culpa
1015 1353 1299 1427 degenerem
1316 1357 1504 1429 arguit,‘

122 1426 428 1481 Timidamve
443 1431 467 1479 ,Ρ
484 1424 655 1504 Harp.
684 1427 854 1479 Laudo
875 1428 1024 1485 sadra,
1047 1430 1261 1484 facienda
1283 1448 1472 1503 expeto.

119 1502 360 1556 Praeterita
385 1502 552 1555 mitte:
579 1502 770 1575 gravior
794 1502 1035 1556 incumbit
1060 1504 1210 1558 labor.

40 1639 44 1642 ⁴
121 1582 242 1631 Hoc
266 1577 501 1650 quidquid
528 1577 689 1635 instat,
711 1578 863 1647 majus
881 1580 945 1631 est
970 1580 1147 1653 aliquid
1175 1598 1329 1635 metu.

119 1655 289 1708 Palm.
319 1654 561 1713 Confide,
579 1652 798 1725 genitor:
819 1662 973 1728 major
1003 1658 1055 1707 ὃς
1082 1657 1230 1711 virtus
1253 1673 1387 1710 metu
1413 1660 1492 1712 est.

120 1731 281 1806 Harp.
309 1728 438 1781 Illam
460 1729 629 1803 igitur,
651 1729 803 1787 illam,
828 1748 965 1789 nata,
997 1731 1227 1787 virtutem
1252 1750 1403 1785 exere.

121 1804 292 1858 Cernis
311 1803 485 1878 jugales
503 1803 638 1876 regiis
662 1802 823 1873 passim
849 1804 970 1857 faces

120 1884 303 1932 Lucere
327 1879 463 1931 testis
478 1920 490 1938 ‚
511 1882 713 1951 strepere
737 1880 945 1954 geniales
960 1880 1152 1934 choros,

121 1959 248 2008 Mox
271 1955 417 2007 aderit
435 1955 534 2013 ille,
560 1955 664 2007 luce
692 1956 891 2009 dileeius
911 1958 1062 2032 magis

122 2030 384 2103 Oculisque
410 2035 585 2102 CyruS.
624 2031 719 2083 Hic
739 2030 849 2089 tibi,
871 2033 1135 2106 gnata,hic
1161 2033 1318 2085 modo

121 2105 395 2179 Fugiendus
418 2107 547 2160 idem
573 2107 654 2158 est.
680 2107 847 2160 Palm.
873 2111 1034 2181 Cyrus
1053 2106 1128 2161 hic
1152 2108 1278 2161 idem
1295 2150 1308 2170 ‚
1330 2123 1494 2178 pater,

122 2182 394 2255 Fugiendus
421 2198 428 2233 !
466 2182 647 2255 Ecquid
668 2179 740 2234 ille
769 2183 1020 2253 peccavit?
1038 2187 1202 2261 Harp.
1228 2182 1379 2236 Nihil.

122 2258 286 2311 Palm.
316 2256 448 2311 Nihil
463 2258 538 2310 ille
559 2265 753 2329 peccat!
777 2263 911 2332 Ergo
927 2260 959 2312 fi
983 2261 1117 2332 quod
1143 2262 1208 2312 est
1229 2259 1397 2322 sceluS,

124 2330 301 2385 Meum
323 2337 402 2387 est.
437 2332 577 2408 Qid
596 2333 710 2387 illud
725 2350 827 2387 tam
842 2353 1001 2408 grave,
1020 2353 1074 2389 ut
1098 2355 1298 2408 poenam
1315 2333 1436 2388 hanc
1455 2335 1582 2390 luam
1599 2337 1625 2388 ἒ

123 2409 283 2484 Harp.
315 2409 450 2462 Nihil
478 2410 574 2482 ipsa
595 2429 771 2482 peccas,
813 2413 1004 2484 Dignus
1033 2419 1087 2467 ὃς
1106 2412 1255 2466 amari
1292 2416 1346 2466 δε
1370 2412 1463 2465 coli

128 2485 262 2534 Tuus
279 2483 353 2536 ille
376 2488 540 2558 Cyrus
556 2527 569 2545 ,
603 2486 745 2561 digna
767 2502 820 2538 tu
836 2485 1015 2553 conjux
1032 2488 1160 2541 viro:

129 2555 238 2610 Plus
265 2577 396 2630 patre
419 2561 577 2636 digna.
619 2567 690 2616 Te
714 2581 872 2618 meam
898 2560 1132 2637 obsequio
1150 2562 1335 2618 exhibe.
