2133 3209
351 232 648 287 'CYRVS
719 228 1268 287 TR'AG‘OEDIA':
1526 248 1578 305 ς,

68 319 318 394 Fugitent‚
347 334 618 371 morentur.
659 313 856 370 Sceleris
879 317 1112 392 Astyages
1138 332 1286 389 caput

70 396 347 467 Nodusque
368 393 497 466 apud
524 411 605 446 me
637 393 702 445 est
730 413 739 439 τ
766 409 909 463 caput
933 391 1028 446 hoc
1053 397 1106 445 &
1134 393 1327 447 nodum
1359 398 1585 468 amputo]

67 475 224 525 Hunc
249 469 404 527 mile3‚
428 467 559 522 hunc
583 469 778 521 accerse.
813 467 945 522 Arib
989 471 1111 540 0419
1124 487 1328 542 praeceps
1349 470 1513 525 furor?

65 550 186 612 Quo
209 564 258 599 te
277 546 388 597 odi-a
412 562 604 617 raptant
624 548 638 592 ?
656 545 903 624 Cyr.Q
919 563 999 598 me
1020 564 1184 610 amor,
1204 547 1377 619 pietas,
1396 544 1578 612 honor,

66 628 129 678 Et
150 620 403 694 conjugale
424 640 633 684 numen,
662 627 716 675 &
734 619 869 691 pacti
890 619 1025 673 fides·

68 696 280 775 Megab.
319 701 396 750 Tu
417 697 632 771 regium,
656 695 797 749 senile
817 735 828 754 ,
860 697 1195 751 venerandum
1212 692 1363 772 'caput

67 773 247 829 Subdas
266 773 415 829 securi
436 790 450 828 2
475 774 563 829 Tu
584 790 757 826 necem
775 771 978 847 Astyagi
998 771 1205 828 offeras?

483 919 950 992 SCENA
1055 922 1157 991 II·

69 1070 369 1129 CYRvs,
414 1068 987 1128 MANDANA,
1036 1069 1579 1132 MEGABASUS„·

378 1203 712 1258 ARIBAS‚
759 1201 1123 1259 MJLJTES,
1178 1214 1276 1258 &a

636 1338 671 1377 C
713 1340 751 1377 Y
792 1338 831 1377 R
859 1338 892 1377 U
924 1337 962 1377 S.

227 1459 267 1509 E
282 1476 347 1509 ST
365 1475 379 1507 1
394 1474 470 1509 'ru
486 1472 514 1506 F.
536 1493 548 1512 ,
576 1451 722 1505 redde
744 1473 753 1500 ε
780 1472 840 1505 ne
856 1470 1048 1507 moram
1066 1453 1260 1508 ulterius
1281 1453 1437 1508 trahe:

125 1582 142 1596 ,
229 1531 422 1585 Mand.
445 1535 550 1582 Cur
564 1547 644 1581 me
657 1528 1254 1603 laceffis?Cyr.Palmyram
1269 1547 1443 1604 gnatus
1459 1549 1585 1609 rogo

68 1609 175 1659 Rex
193 1623 360 1678 repeto
376 1649 393 1669 ,
418 1606 617 1678 sponsus
638 1605 815 1679 flagito.
863 1606 908 1657 Si
930 1604 994 1657 nil
1015 1605 1180 1659 Valent

73 1684 173 1734 Tot
196 1683 401 1736 nomina
423 1704 431 1730 ι
458 1682 587 1735 ultor
611 1680 822 1735 vindico,
851 1681 1052 1735 Mami.
1089 1685 1210 1737 Haec
1234 1699 1372 1743 nate,
1400 1685 1588 1759 Harpa-

203 1777 352 1832 gum3

71 1837 190 1887 Non
213 1853 293 1886 me
318 1832 509 1907 querela
533 1832 561 1883 s
551 1834 718 1903 pectat
744 1852 753 1879 ε
777 1832 981 1905 imperio
1005 1849 1138 1905 pater

70 1914 125 1963 In
148 1905 352 1984 gnatam
380 1907 513 1961 abuti
535 1908 698 1980 potuit
722 1929 732 1954 τ
764 1910 1007 1983 urgendus
1030 1909 1118 1962 tibi
1148 1913 1227 1965 est.

73 1992 246 2061 Cyrus.
276 1983 547 2038 Connubia
566 1984 751 2055 junxit,
775 1986 1051 2057 Palmyram
1075 1987 1281 2045 addixit,
1318 1987 1413 2040 fide

75 2065 192 2113 Non
214 2061 342 2113 irrita
361 2101 372 2118 ‚
399 2079 501 2112 non
523 2060 705 2111 fraude.
738 2061 938 2114 Mand.
964 2061 1038 2113 Sic
1062 2062 1213 2114 latitat
1235 2079 1415 2115 tamen.

76 2144 246 2212 Cyrus.
277 2141 533 2189 Hortante
552 2153 623 2193 te,
649 2152 873 2209 cogente.
920 2136 1058 2207 Qid
1075 2137 1238 2190 inanes
1258 2139 1437 2199 minas,

75 2212 211 2280 Qid
232 2211 376 2266 verba
395 2212 443 2264 in
467 2230 605 2264 auras
633 2212 783 2282 perdo
804 2215 828 2263 ξ’
852 2213 956 2264 Nec
975 2212 1073 2264 line
1099 2229 1146 2265 te
1167 2217 1418 2288 Harpagus

76 2292 202 2341 Haec
226 2305 357 2341 tanta
380 2287 540 2342 movit
560 2308 573 2348 3
599 2306 687 2339 nec
711 2306 883 2341 moves
905 2286 1085 2361 absque
1110 2293 1367 2363 Harpago:

77 2364 313 2417 Conscius
333 2382 535 2437 uterque
562 2366 644 2416 est.
688 2366 811 2416 Non
843 2362 931 2415 tibi
953 2365 1143 2417 furtum
1162 2366 1431 2436 exprobro:

77 2439 231 2508 Qod
253 2459 400 2513 gnara
420 2439 540 2492 furti
557 2439 698 2514 fingis
713 2478 724 2495 ‚
749 2438 926 2496 illudis,
950 2458 1072 2492 taces
1091 2458 1104 2494 5

79 2516 136 2568 Id
164 2514 435 2585 exprobro,
461 2516 508 2568 id
526 2535 626 2567 non
649 2516 805 2567 lentus
829 2522 883 2569 ὃς
912 2515 1094 2569 inultus
1126 2515 1292 2570 feram.

82 2590 316 2643 Vindicta
331 2591 458 2664 apud
474 2610 553 2645 me
573 2592 652 2646 est,
690 2591 852 2650 Miles,
881 2593 1147 2667 Astyagem
1165 2595 1316 2646 ocius,

1276 2673 1336 2723 M
1371 2669 1415 2742 iij
