2133 3209
546 210 603 261 98
937 197 1311 254 CARo'LI
1385 200 1629 254 RUAEI

542 291 603 340 In
628 284 817 343 vincla?
841 285 1002 341 Palm.
1019 288 1204 340 Frustra
1220 285 1405 357 repetis.
1433 289 1583 342 Heu!
1605 281 1797 360 genitor
1817 284 1948 347 fuit‘:

543 361 808 417 Occubuit.
840 361 957 433 Cyr.
986 365 1105 415 Hoc
1129 362 1179 414 in
1202 380 1282 416 me
1308 361 1478 420 hostis,
1507 361 1602 415 hoc
1627 362 1677 414 in
1704 379 1819 415 eum
1843 363 2053 418 audeat?

542 442 672 515 eAst.
702 437 915 492 Dubitas
933 441 959 489 ἒ
983 453 1197 491 renarret
1216 480 1230 502 ,
1246 438 1398 491 facere
1418 457 1527 510 qua:
1547 436 1650 510 juffi
1669 437 1919 494 ArsamuS.

545 521 591 570 C
577 536 659 594 yr.
682 519 848 568 Fatere
869 511 1014 571 furia,
1043 513 1258 587 loquere,
1293 517 1441 587 QArfi
1453 512 1536 566 Nil
1559 511 1727 566 timide
1756 514 1950 589 loquar.¹

542 590 758 645 Exiimus
788 588 837 640 in
862 588 995 661 equis
1015 589 1185 643 ambo.
1222 593 1282 643 Se
1305 590 1543 643 comitem
1565 585 1755 641 addidit
1935 588 1949 592 ”

542 663 781 722 Periclum
803 663 853 716 in
875 683 1026 718 omne
1044 665 1252 720 Taxilus.
1300 665 1513 718 Medum
1537 662 1677 719 fimul

543 740 812 814 Attigimus
834 739 986 795 aciem
1013 761 1023 789 ε
1051 761 1173 798 voce
1197 741 1437 813 compello
1457 740 1603 795 duces
1618 779 1634 798 ‚

541 815 762 870 Exhibeo
783 816 905 890 regis
931 817 1073 885 jussa:
1093 816 1394 892 Cambysem
1414 820 1664 874 eximant‚·

545 893 741 947 Salvum
762 891 1014 945 remittant
1034 913 1048 949 5
1077 898 1370 968 Harpagum
1394 892 1497 954 leto
1519 890 1747 945 efferant?

543 970 715 1023 Palm.
742 967 948 1022 Infanda
981 969 1103 1045 regis
1136 969 1256 1042 jussa
1283 985 1292 1019 ι
1334 973 1444 1045 Cyr.
1465 968 1608 1041 Qd
1633 967 1857 1040 deinceps
1874 969 1899 1021 ἒ
1924 967 2057 1044 Arf

649 1042 827 1097 Virum

542 1119 876 1193 Consequitur
896 1121 1063 1196 ingens
1089 1118 1271 1173 clamor
1297 1139 1307 1168 ε
1331 1117 1631 1191 applaudunt
1650 1119 1807 1173 duces.

543 1198 678 1249 Tum
700 1213 881 1249 carcere
904 1197 1004 1249 alto
1023 1195 1176 1251 vincla
1198 1194 1466 1269 Cambyses
1485 1193 1675 1250 trahens

540 1271 793 1324 Profertur
807 1311 820 1329 ,
843 1290 978 1345 aegro
999 1270 1222 1324 membra
1242 1271 1476 1324 deformis
1495 1270 1599 1326 fitu.

540 1351 624 1402 M
625 1347 742 1400 and.
764 1347 1029 1400 Miseranda
1041 1347 1069 1397 s
1062 1346 1211 1418 pecies
1226 1363 1236 1397 i
1252 1346 1613 1420 QArstArsamo
1628 1346 1677 1399 in
1698 1364 1872 1400 manus
1883 1341 2048 1397 datur]

543 1429 589 1476 C
578 1443 654 1494 yr.
672 1422 808 1493 (ξι)ἀ
821 1439 932 1473 tum
947 1423 1124 1494 ἒρΑιᾴβ
1136 1420 1353 1475 Vicislim
1373 1423 1536 1473 nostra
1556 1421 1646 1475 sub
1666 1428 1771 1495 jura
1783 1424 2046 1494 Harpagus

540 1499 667 1549 Leto
693 1498 931 1550 necandus
956 1498 1148 1550 transit:
1168 1501 1324 1551 Hunc
1348 1495 1492 1549 turba
1512 1497 1667 1552 effero

539 1572 753 1646 Cingens
772 1571 990 1626 tumultu
1019 1573 1167 1648 longa
1190 1592 1271 1645 per
1301 1574 1445 1625 castra
1467 1570 1637 1645 abripit
1657 1595 1667 1624 ε

537 1650 652 1722 Ego
673 1648 734 1700 sic
758 1648 928 1722 paratis
950 1648 1091 1702 rebus
1113 1649 1176 1701 ad
1200 1668 1364 1723 regem
1386 1647 1579 1703 advolo,

541 1729 587 1776 C
571 1744 652 1795 γ’.
678 1728 896 1796 Erumpe
920 1725 967 1775 in
990 1725 1076 1777 iras
1097 1723 1294 1778 anime:
1318 1742 1449 1776 nunc
1469 1722 1580 1780 rivis
1597 1743 1741 1781 cruor

537 1801 723 1852 Iterum
745 1799 1009 1858 redundet,
1037 1799 1170 1852 orbis
1189 1800 1238 1851 in
1258 1802 1476 1852 flammas
1499 1817 1591 1853 eat:

537 1874 688 1926 Ultus
711 1893 952 1946 parenteS,
990 1879 1281 1950 Harpagum
1309 1873 1514 1927 ulciscar.
1537 1879 1668 1951 εΛβ.
1703 1881 1831 1930 Bene
1860 1877 1928 1929 est

535 1949 773 2003 Ulciscere
793 1953 840 2002 in
863 1969 969 2013 me,
998 1971 1148 2026 regna
1168 1951 1415 2024 vitamque
1438 1950 1589 2023 eripe:

530 2031 635 2095 Jam
660 2046 760 2079 non
780 2025 959 2080 inultus
985 2027 1181 2081 moriar.
1219 2027 1454 2100 Agnosco
1484 2026 1651 2100 inclyti

534 2103 785 2172 Specimen
807 2104 1008 2175 nepotiS.
1047 2108 1220 2156 Fruere
1235 2104 1296 2156 fic
1315 2121 1467 2177 regno
1492 2102 1617 2155 bene

530 2178 606 2229 Bis
629 2178 869 2250 parricida.
909 2179 1100 2232 Scelera
1123 2198 1446 2250 quaecumque
1467 2176 1725 2250 exprobras

532 2254 839 2308 Cumulabis.
873 2258 939 2306 Et
963 2253 1079 2328 quid
1098 2252 1246 2307 laetius
1270 2254 1465 2326 poscam
1495 2257 1666 2306 Deos?

530 2329 615 2381 Nil
635 2329 730 2398 jam
752 2332 912 2405 piget,
938 2330 1037 2400 jam
1065 2348 1226 2383 morte
1242 2346 1436 2383 matura
1460 2328 1634 2383 occido
1651 2370 1667 2392 ‚

529 2402 733 2478 Jamque
751 2407 981 2459 innocens
1001 2428 1014 2458 .·
1040 2406 1159 2460 dum
1182 2425 1328 2481 regna
1357 2404 1641 2459 moderetur
1659 2417 1836 2475 nepos,'‘

525 2483 804 2535 Nocentior
828 2502 924 2534 me.
951 2490 1064 2559 Cyr.
1090 2485 1293 2558 Pergam
1319 2497 1373 2535 ut
1399 2481 1554 2554 incepi
1576 2501 1585 2531 ε
1611 2479 1694 2534 diu
1724 2482 1791 2533 est

524 2557 679 2632 Qod
706 2558 788 2612 ista
812 2558 969 2630 patior
987 2558 1198 2632 probra,
1233 2557 1507 2633 Megabase.
1531 2558 1700 2613 Palm.
1731 2554 1849 2613 Ah!
1873 2552 2025 2612 Cavd
