2133 3209
512 212 1125 262 PANEGYRICI.
1523 223 1596 261 161

91 308 196 357 Ore
224 299 395 359 refert,
419 316 641 371 puroque
671 297 875 368 illapsam
901 315 955 350 ex
980 295 1158 349 aethere
1180 309 1429 352 mentem3

91 384 159 432 Et
184 377 377 430 frondes
399 376 537 433 oleae,
571 393 726 446 puero
753 374 1006 445 quondam
1035 371 1245 445 auspice,
1271 388 1475 445 pacem‘,

94 459 338 525 Grataque
359 450 657 523 promittunt
681 447 893 501 felicibus
923 450 1021 501 otia
1051 449 1203 501 terris.

94 535 247 582 Anna
269 545 436 580 autem
463 546 644 580 munus
664 525 914 582 divinum,
937 531 991 578 δε
1023 523 1227 577 amabile
1249 524 1445 598 pondus

94 603 285 676 Accipit
314 603 533 655 exultans
566 601 761 663 animis,
786 618 937 672 atque
959 600 1117 652 oscula
1143 602 1263 675 figit.

93 684 203 734 Nec
230 679 398 750 procul
418 678 533 730 hinc
559 677 675 729 tristi
700 676 841 730 solvit
867 676 912 727 se
934 676 1142 748 denique
1160 675 1300 729 lustu

96 755 253 808 Gallia
284 753 495 828 surgenti
529 754 711 814 similis,
740 751 993 824 fimilisque
1018 751 1178 804 ruenti

97 832 253 884 Ardet
276 830 323 882 in
353 829 630 901 amplexus:
654 829 889 903 gestuque
906 868 918 886 ,
945 828 1194 900 oculisque
1220 826 1416 883 videtur

94 907 312 960 Incusare
341 924 527 964 moras,
551 905 815 976 iterataque
838 902 964 956 basia
993 905 1170 958 matris,

166 981 401 1034 Constitit
423 979 499 1034 hic
525 985 716 1034 Franco
748 979 914 1053 genius
937 980 1020 1052 qui
1043 980 1261 1054 praesidet
1277 978 1415 1040 orbi„

97 1056 472 1130 Obstupuitque
496 1057 652 1128 operis
676 1076 777 1108 non
803 1055 1059 1108 enarrabile
1085 1074 1300 1110 textum:

96 1139 161 1187 Et
183 1134 352 1186 comiti
374 1133 630 1185 ostendens
657 1153 668 1179 ·.
698 1136 860 1184 Puero
881 1131 996 1204 quid
1020 1130 1257 1204 pulchrius
1279 1138 1303 1186 ,Ρ
1320 1131 1477 1207 inquit
1487 1157 1508 1191 5

100 1209 271 1280 Aspice
302 1228 408 1280 quae
430 1206 579 1261 fuerit
607 1207 727 1260 rosei
751 1224 858 1259 tum
880 1207 1033 1280 gratia
1058 1208 1252 1273 vultus,

99 1283 272 1358 Qalis
300 1282 473 1336 honos.
513 1288 586 1335 En
610 1282 683 1334 ille
703 1281 852 1334 oculis
876 1284 1149 1335 intermicat
1179 1285 1325 1337 ardor

100 1360 305 1413 Vividus
322 1400 332 1418 ‚
363 1363 416 1411 &
441 1359 581 1411 sacrae
608 1358 822 1427 majestas
843 1358 989 1410 ardua
1014 1358 1212 1419 frontis,

99 1438 265 1508 Qiam
293 1455 425 1488 nunc
445 1435 664 1487 attonitae
688 1450 880 1507 gentes,
905 1450 1049 1506 atque
1075 1435 1241 1488 ultima
1267 1437 1363 1490 late

98 1507 308 1582 Europae
334 1511 560 1581 imperia,
589 1513 640 1561 ὃς
668 1529 839 1583 regum
861 1510 1011 1581 capita
1038 1510 1131 1563 alta
1155 1514 1408 1567 verentur&

101 1590 253 1660 Perge
270 1630 286 1649 ,
306 1606 418 1661 age,
444 1605 621 1660 magne
644 1584 783 1638 heros
808 1606 816 1632 ε
844 1602 1083 1657 quantum
1112 1604 1161 1639 te
1184 1589 1338 1642 Gallia
1358 1589 1614 1665 quondam

101 1662 386 1714 Venturum
414 1661 599 1733 populis
627 1662 789 1733 primo
816 1659 1016 1731 speravit
1050 1661 1110 1713 ab
1136 1681 1275 1719 ortui

101 1737 324 1790 Flandria
354 1755 400 1790 te
421 1755 688 1810 quantum,
720 1754 765 1788 te
787 1754 1025 1808 quantum
1055 1739 1286 1810 Hispania
1306 1741 1471 1801 sensit,

106 1816 277 1885 Nuper
300 1816 351 1864 ἃ
380 1813 663 1887 Hungarico
685 1812 866 1865 sensere
896 1812 945 1863 in
967 1811 1120 1864 limite
1148 1819 1344 1869 Turcaer

107 1891 301 1942 Tantus
323 1888 436 1950 eris,
469 1906 663 1942 tantum
685 1906 730 1941 te
753 1887 963 1960 quisquis
985 1888 1034 1939 in
1063 1907 1197 1943 arma
1226 1891 1453 1956 vocabit„

107 1965 295 2018 Sentiet
324 1963 450 2017 haud
475 1965 700 2037 impune,
733 1970 787 2018 δε
809 1964 938 2016 clade
958 1963 1185 2018 fatebitur
1212 1967 1338 2020 orbi.

110 2041 200 2093 Sed
223 2059 299 2103 te,
327 2057 536 2113 quantus
560 2040 645 2092 eris
670 2039 890 2097 tandem,
912 2041 1216 2113 quantusque
1236 2043 1393 2108 fuisti,

109 2116 259 2169 Gallia
285 2134 331 2168 te
359 2116 579 2185 precibus
607 2114 773 2172 debet,
801 2115 1047 2173 Lodo'l'ee,
1071 2119 1310 2188 parentis:

108 2196 170 2244 Et
191 2193 266 2246 cui
295 2190 418 2244 nulla
441 2208 551 2244 aetas
583 2208 662 2244 tot
687 2190 784 2259 jam
812 2190 1122 2246 volventibus
1148 2195 1281 2248 annis
1300 2236 1315 2254 ,

110 2269 210 2320 Cui
238 2268 376 2320 nullae
398 2285 599 2338 potuere
625 2285 787 2339 parem
809 2267 1078 2343 producere
1101 2288 1303 2327 rnatres3

111 2343 244 2397 Hinc
266 2343 453 2417 gemitu
478 2343 611 2396 dedit
637 2348 812 2405 Anna,
834 2343 1037 2418 altoque
1064 2346 1237 2400 excivit
1264 2346 1487 2421 olympo]

184 2424 304 2472 Haec
325 2420 491 2493 genius
505 2460 516 2477 ‚
543 2418 676 2491 pueri
696 2419 879 2471 defixus
901 2419 1108 2495 imagine
1124 2463 1137 2484 ,
1158 2422 1303 2476 fatur.

114 2495 211 2547 Cui
229 2514 392 2548 comes
416 2515 424 2542 :
450 2498 567 2549 Huc
589 2495 756 2548 oculos
773 2535 784 2552 ‚
813 2497 970 2548 Annae
991 2499 1238 2570 regnantis
1264 2499 1428 2576 imago

114 2573 227 2630 Jam
247 2587 403 2627 vocat.
429 2574 509 2624 En
538 2572 627 2625 cari
650 2574 757 2644 post
784 2571 951 2629 funera
976 2574 1227 2649 conjugis,
1248 2576 1346 2649 ipsa
