2133 3209
420 229 702 282 cYRUs
767 231 1294 283 TRAGOEDJA‘:
1567 255 1617 297 73

116 323 226 374 Pars
247 319 388 389 hujus
412 336 528 393 ergo
552 318 737 372 melior.
768 320 1036 394 Eloquere,
1068 318 1287 376 obsecr0.

118 399 374 469 Cyrumne
399 395 605 465 spectat,
633 416 693 448 an
714 415 897 468 patrem
919 425 938 458 ‚-
958 397 1130 460 mene,
1156 417 1216 449 an
1239 414 1402 454 meos,

116 475 232 524 Hoc
257 470 486 544 quicquid
509 475 600 531 est,
629 473 767 546 quod
791 475 964 527 metuis
987 495 1000 535 3
1024 473 1118 527 hoc
1148 471 1382 547 quicquid
1413 470 1510 526 siles
1526 477 1554 526 ,ἒ

115 547 354 599 Taxilus.
388 550 575 621 Urgere
600 568 749 621 porro
770 567 906 621 parce
926 571 934 599 :
955 569 1035 603 me
1059 552 1295 603 moestum
1315 547 1431 602 facit

114 622 416 674 Communis
442 625 558 677 aulae
581 643 792 683 moeror,
808 644 953 700 atque
976 626 1114 678 omni
1133 625 1298 678 sedens

111 700 167 748 In
190 697 355 750 fronte
376 699 550 753 luctus.
583 705 654 753 Te
677 720 810 754 meus
840 719 986 756 terret
1019 701 1188 760 dolor,

108 775 173 823 Et
193 792 272 824 me
297 790 422 828 tuus,
461 777 629 831 Palm.
661 776 859 831 Deludis
878 819 890 837 ‚
919 780 1134 854 ignaram
1162 776 1389 850 impedis:

109 846 286 901 Unum
313 850 586 906 timendum
622 856 717 908 ests
741 853 861 909 dum
891 856 1015 918 files,
1040 855 1193 908 timeo
1216 854 1397 909 omnia.

107 922 352 997 Taxilus.
377 932 457 981 En
483 947 539 985 ut
559 931 727 983 sereno
749 934 914 1007 Cyrus
940 935 1134 1003 aspectu
1158 930 1352 984 emicat.

483 1064 1017 1135 SCENA
1145 1065 1238 1135 II-

165 1209 473 1271 CYRVS,
535 1213 1041 1272 PALMYRA,
1104 1210 1567 1274 TAXlLvs.f

628 1340 1001 1395 PALMYR
1036 1339 1087 1380 A.

233 1458 529 1508 IMuLARE
551 1494 568 1514 ,
601 1454 817 1527 princeps
833 1494 846 1513 ,
871 1454 1029 1507 define
1053 1473 1062 1502 ε
1087 1452 1238 1507 aliena
1262 1453 1422 1508 induis

233 1533 358 1582 Tam
381 1528 516 1582 laetus
538 1549 651 1592 ora,
677 1532 814 1583 sume
839 1551 947 1604 quae
968 1532 1148 1583 sortem
1169 1529 1361 1583 decent.

107 1613 152 1659 C
139 1627 281 1681 yrus-
315 1609 424 1659 Sors
442 1605 547 1658 laeta
567 1647 578 1664 ‚
603 1607 800 1679 praesens
825 1606 1045 1681 Palmyra
1063 1647 1076 1665 ,
1102 1604 1196 1659 hoc
1218 1607 1382 1661 vultus
1406 1606 1550 1667 facit,'

107 1682 461 1754 Quoscumque
482 1682 652 1735 videor
677 1683 811 1738 ferre.
838 1682 1006 1737 Palm.
1034 1681 1122 1736 Nil
1144 1686 1379 1738 moestum
1396 1685 1550 1759 tegis?

104 1757 190 1809 Nil
217 1774 385 1809 mente
413 1757 566 1811 volvis
587 1759 726 1810 anxi&
747 1775 759 1810 ἒ
786 1765 829 1811 C
812 1780 956 1833 yms.
978 1757 1231 1830 chuid
1253 1776 1428 1833 querar

105 1832 445 1905 Doleamque,
468 1833 619 1885 facere
641 1833 736 1885 sola
761 1852 819 1884 ne
841 1833 1032 1885 doleam
1056 1849 1211 1904 potest.

106 1907 367 1980 Abrumpe
390 1908 553 1981 segnes
574 1909 721 1962 dulcis
751 1906 992 1981 hymenaei
1014 1926 1199 1961 moras:

105 1985 222 2038 Tua
241 2001 368 2036 certa
389 1983 558 2044 nobis,
583 1988 744 2038 nostra
771 1984 860 2036 tibi
883 2001 1012 2037 certa
1036 1985 1099 2035 est
1125 1984 1266 2037 fides:

106 2061 234 2128 0335
257 2059 430 2130 cupida
454 2060 610 2112 lentus
634 2078 749 2113 vota
769 2060 1010 2131 suspendit
1036 2058 1217 2112 timor?

107 2139 235 2189 Haec
261 2134 385 2206 ipsa,
409 2154 503 2208 qua
530 2156 659 2189 nunc
680 2137 915 2194 fruimur,
938 2135 1041 2187 haec
1069 2134 1218 2189 finem
1241 2135 1340 2189 dies

108 2212 480 2284 Cumulumque
500 2212 627 2266 Votis
649 2228 798 2284 ponat
819 2232 828 2260 :
846 2210 934 2265 hac
952 2212 1098 2263 festos
1122 2208 1307 2284 hymen

107 2287 361 2340 Accendat
383 2288 527 2362 ignes,
562 2290 738 2344 Palm.
790 2292 936 2342 Dum
962 2306 1104 2340 novae
1127 2287 1400 2345 etiamnum
1418 2302 1615 2344 tument

106 2363 283 2415 Pericla
304 2383 476 2436 pugnae
503 2368 528 2416 ,Ρ
547 2365 666 2417 dum
690 2364 821 2417 tubae
847 2363 1084 2436 increpuit
1103 2363 1292 2437 fragor,

107 2441 174 2494 Et
192 2437 348 2491 adhuc
365 2457 591 2493 cruentus
616 2441 896 2515 sanguinem
918 2441 1052 2493 miles
1070 2437 1165 2492 sitit
1178 2458 1194 2505 ,ᾖ

110 2515 190 2565 Tu
217 2515 444 2586 nuptiales
467 2516 637 2570 inferas
655 2518 810 2570 castris
835 2516 1010 2571 choros
1024 2559 1041 2579 ,

108 2590 172 2661 Et
196 2591 471 2669 ominosam
495 2594 693 2667 cupidus
719 2594 945 2649 accendas
964 2594 1117 2649 facem
1137 2610 1153 2649 Ξ
