2133 3209
636 368 1031 429 SVMMA
1121 367 1751 420 PRIVILEGI]

542 515 750 556 AVTVM
774 512 826 552 est
847 511 1072 550 auetoritate
1098 509 1219 563 Regis
1247 527 1254 547 ε
1277 523 1324 548 nc
1345 512 1432 562 quis
1458 512 1499 547 in
1517 522 1638 562 tegno
1674 508 1786 562 ipfius
1817 507 1952 549 aliisve

543 573 635 612 locis
651 572 731 610 eius
748 570 889 610 ditioni
910 566 1081 617 subjeffis
1101 568 1201 604 intra
1217 567 1360 619 viginti
1372 567 1569 619 proximos
1580 578 1701 604 annos
1714 563 1872 610 librum,
1889 568 1950 606 cui

442 630 575 668 titulus
587 627 639 666 est
651 628 777 667 Caroli
789 630 897 666 Ruaei
907 640 924 663 e
937 629 962 665 S
967 638 1014 663 oc.
1029 623 1116 670 Iesu
1130 629 1254 675 Opem
1268 628 1426 663 poetica
1442 621 1518 668 &a
1530 624 1727 674 imprimat
1739 633 1805 659 aut
1817 620 1953 660 diuen-

442 686 509 727 dat
530 704 541 725 .-
559 695 690 738 praetet
701 682 904 722 Simonem
912 678 1063 718 Benatd
1074 678 1334 734 Typographu
1341 681 1462 730 m:qui
1474 675 1574 716 secus
1587 676 1879 726 fecerit‚mu16ta
1891 679 1952 716 in-

445 741 673 792 di6t2‚ptout
683 738 846 793 amplius
865 738 908 774 in
917 734 1130 787 diplomate
1146 737 1253 789 tegio
1282 738 1504 774 continetur
1516 764 1528 783 ,
1545 733 1788 773 coercebitur.
1799 733 1948 772 Datum

446 798 697 850 Sangetmani
716 794 779 835 die
797 809 850 844 14.
875 790 1099 831 Decembris
1123 798 1233 845 1679.
1264 790 1312 831 fic
1331 789 1524 845 fignatum
1542 790 1590 828 de
1603 789 1791 829 mandato
1815 789 1952 844 Regis.

1457 845 1786 902 IVNQIERS.

563 1011 626 1050 Go
646 1006 752 1049 Infra
775 1007 931 1061 scriptus
952 1006 1198 1060 provincialis
1220 1003 1419 1044 societatis
1449 1003 1532 1043 Iesu
1553 1007 1594 1043 in
1615 1007 1811 1058 prouincia
1835 1002 1952 1042 Fran-

448 1015 611 1126 Eciae
642 1066 865 1106 facultatem
918 1062 1084 1102 concedo
1105 1091 1116 1108 ,
1137 1074 1180 1101 ut
1219 1062 1346 1102 caroli
1370 1067 1480 1102 Ruaei
1515 1067 1642 1115 Opera
1672 1067 1832 1104 Poetica
1868 1072 1952 1111 quae

449 1126 470 1163 ὲ
506 1124 626 1164 tribus
665 1121 799 1161 nostrae
824 1120 1028 1159 societatis
1069 1118 1286 1171 Theologis
1328 1116 1553 1171 Apptobata
1587 1116 1676 1156 sunt
1704 1147 1715 1164 ‚
1745 1120 1788 1156 in
1823 1116 1948 1155 lucem

448 1181 510 1220 edi
529 1178 677 1234 poffint.
706 1179 751 1217 In
769 1181 870 1228 cujus
898 1178 952 1215 rei
973 1174 1091 1215 fidem
1112 1175 1180 1214 has
1212 1174 1359 1213 litteras
1386 1188 1506 1213 manu
1533 1187 1620 1213 mea
1656 1172 1879 1225 subscriptas
1909 1175 1948 1208 ὃ(

448 1237 574 1290 figillo
601 1234 719 1275 officii
745 1236 822 1273 mci
837 1235 1006 1274 munitas
1025 1230 1111 1272 dedi
1134 1231 1293 1270 Auarici
1326 1231 1546 1285 Biturigum
1569 1238 1618 1269 16.
1642 1229 1834 1284 Septemb.
1858 1240 1946 1266 ann.

448 1301 557 1344 1679.

547 1352 551 1353 ⁷
1187 1341 1401 1383 PETRVS
1448 1343 1520 1383 DE
1566 1337 1944 1383 VERTHAMON
