2133 3209
545 198 613 254 '42
944 196 1310 250 CAROLI
1383 199 1632 249 RUAEI.

545 282 653 336 Ubi
672 283 758 337 sim
779 283 1046 346 malorum,
1066 283 1272 338 Charile.
1322 282 1508 338 Charil.
1549 286 1624 341 Sic
1651 285 1794 342 video
1822 301 1901 342 :at
1918 288 2053 344 dolet

544 360 915 433 Qodcumque
946 360 1136 433 gravius
1161 360 1252 412 effe
1279 359 1551 413 remedium
1577 362 1721 416 malo.

546 435 777 509 Caffand.
802 438 993 490 Incerta
1017 435 1221 507 quando
1248 437 1429 487 cuneta
1455 452 1710 492 nutantem
1728 436 1842 491 hinc
1857 439 2022 496 ferunt

543 514 711 583 Atque
737 510 848 562 inde
869 528 1120 565 mentems
1150 529 1238 563 nec
1259 529 1365 563 reus
1390 513 1578 563 constat
1600 512 1705 565 satis
1731 534 1740 562 :

542 588 660 638 Hoc
680 588 836 640 fruere
864 585 1048 647 dubio,
1072 586 1218 641 vivat.
1248 587 1427 664 Lysim.
1461 585 1716 641 Obstrinxi
1752 588 1898 644 fidem
1922 613 1932 642 :

541 664 689 714 Hanc
721 681 868 721 uxor,
895 660 1016 715 hanc
1039 662 1286 726 Seleucus,
1308 661 1429 715 hanc
1452 679 1678 733 repetunt
1700 665 1783 718 Dii
1809 686 1822 713 .-

541 739 690 790 Hanc
706 738 800 810 ipse
820 756 1004 810 repeto,
1030 738 1219 792 Charil.
1259 741 1467 809 Repetat
1496 741 1549 789 ὃς
1583 739 1764 810 conjux
1795 741 1906 796 licet

537 817 601 865 Et
619 832 783 870 natuss
813 813 934 867 hanc
957 825 1048 866 nec
1063 815 1195 882 jura,
1221 832 1308 865 nec
1330 813 1514 867 coelum
1537 814 1682 890 exigit
1706 838 1715 864 :

535 892 604 941 Et
624 909 771 961 quem
796 889 942 942 latere
962 889 1140 961 patitur
1160 931 1177 950 ,
1207 888 1411 944 absolvit
1435 909 1594 949 reum,

534 967 717 1041 Lysim.
757 967 943 1019 Cadam
963 965 1058 1037 ipse
1081 982 1220 1016 natos
1241 964 1365 1017 inter
1401 1006 1414 1027 ‚
1442 985 1499 1018 ac
1523 982 1662 1018 terrae
1686 963 1890 1021 intimos

536 1039 730 1093 Subibo
751 1040 902 1095 hiatus
928 1058 1067 1102 ante,
1100 1058 1248 1115 quam
1271 1041 1510 1111 probrum
1539 1039 1636 1095 hoc
1656 1040 1835 1095 feram:

534 1114 665 1167 Mihi
694 1136 783 1169 nec
804 1116 960 1171 inulto
979 1135 1164 1191 pronus
1187 1113 1450 1169 occumbet
1473 1115 1586 1169 dies.

533 1190 871 1245 Deliberatum
900 1195 981 1244 est.
1055 1190 1280 1264 Caſjbnd.
1308 1191 1531 1262 Qando
1552 1192 1613 1244 fic
1635 1190 1803 1249 animo
1828 1192 1996 1253 sedem

531 1266 634 1319 Nifi
655 1268 774 1340 quid
794 1266 988 1323 Videtur
1012 1265 1375 1339 potiuS‚inveni
1397 1265 1523 1322 viam
1549 1288 1559 1315 :

535 1344 791 1398 Tentanda
813 1360 949 1396 caute
972 1345 1055 1395 cst.
1096 1341 1254 1415 Fingit
1276 1341 1499 1395 alteruter
1519 1343 1659 1396 suum
1687 1383 1698 1401 ‚

531 1418 736 1471 Facinus
768 1418 911 1471 amici
930 1438 1037 1492 quo
1065 1434 1221 1492 tegat:
1246 1415 1482 1490 quidquid
1518 1418 1616 1471 doli
1639 1421 1702 1472 est
1725 1461 1739 1482 ,

530 1493 675 1545 Dolo
694 1495 979 1548 eruendum.
1011 1499 1177 1548 Morte
1202 1492 1489 1546 damnatum
1511 1493 1643 1547 alteri

530 1569 727 1624 Socium
750 1573 842 1622 effe
870 1570 1028 1624 refero
1061 1590 1070 1616 t
1092 1568 1294 1642 quando
1320 1568 1381 1620 fic
1399 1569 1557 1622 fatum
1582 1568 1690 1622 tulit
1711 1608 1724 1626 ,

526 1647 637 1698 Nec
662 1651 758 1713 jam
778 1645 869 1699 ulla
891 1645 1063 1700 misero
1090 1646 1228 1697 restat
1249 1643 1309 1696 ad
1335 1644 1525 1698 veniam
1549 1645 1623 1699 via
1646 1687 1660 1708 ,

527 1719 759 1793 Salusque
783 1720 922 1793 periit
941 1720 1100 1773 omnis
1122 1741 1136 1781 3
1155 1720 1205 1772 in
1228 1735 1451 1790 apertum
1478 1739 1612 1774 eruat

526 1795 685 1850 Scelus
707 1816 858 1849 omne
872 1838 884 1855 ,
907 1796 1090 1851 larvam
1112 1814 1294 1867 ponere
1316 1812 1372 1848 ut
1393 1795 1598 1850 demum
1621 1795 1790 1850 audeat
1812 1803 1835 1855 ,⁷

522 1876 590 1926 Et
613 1870 751 1923 inane
769 1871 886 1924 faeti
912 1890 1099 1924 nomen
1121 1869 1310 1939 abjiciat
1341 1912 1356 1931 ‚
1380 1889 1521 1945 rogo.

521 1951 661 2001 Tum
690 1946 864 2000 deinde
887 1946 1044 2003 verbis
1065 1945 1181 1999 alter
1197 1986 1210 2005 ‚
1238 1948 1291 1997 δε
1315 1945 1512 2014 paribus
1527 1944 1648 2000 dolis

518 2026 649 2076 Mox
675 2024 998 2094 occupandus,
1032 2024 1231 2075 Exitum
1250 2020 1283 2072 fi
1307 2019 1405 2073 fors
1427 2021 1560 2075 dabit
1580 2062 1594 2082 ,

521 2096 752 2152 Sublatus
775 2117 927 2150 error:
959 2116 1072 2151 cura
1090 2098 1160 2151 fin
1178 2099 1299 2149 caffa
1327 2096 1511 2150 excidet
1525 2139 1544 2161 ,

520 2177 697 2228 Secura
721 2190 882 2226 tamen
912 2175 994 2224 est.
1069 2172 1252 2249 Lysim·
1298 2171 1472 2244 Agite,
1490 2173 1552 2226 fic
1572 2173 1671 2227 fieri
1694 2174 1860 2248 placet.

518 2250 651 2303 Paesti
683 2248 896 2302 modum
915 2246 1183 2320 seriemque
1204 2263 1335 2299 nunc
1360 2247 1491 2300 intus
1513 2249 1652 2303 fimul

516 2325 755 2398 Accipite,
778 2324 831 2375 &
854 2341 1057 2378 omnem
1089 2321 1276 2399 penitus
1294 2318 1389 2376 huc
1409 2323 1630 2381 animum
1641 2326 1763 2380 date.
